%%%%%%%%%%%%%%%%%%%%%%%% Chapter 2 %%%%%%%%%%%%%%%%%%%%%%%%%%%%%%%%%%%%%%%%%%
@misc{drizzlepac,
  doi = {10.48550/ARXIV.1411.5605},
  url = {https://arxiv.org/abs/1411.5605},
  author = {Avila, Roberto J. and Hack, Warren and Cara, Mihai and Borncamp, David and Mack, Jennifer and Smith, Linda and Ubeda, Leonardo},
  keywords = {Instrumentation and Methods for Astrophysics (astro-ph.IM), FOS: Physical sciences, FOS: Physical sciences},
  title = {DrizzlePac 2.0 - Introducing New Features},
  publisher = {arXiv},
  year = {2014},
  copyright = {arXiv.org perpetual, non-exclusive license}
}


@article{astropy:2013,
Adsnote = {Provided by the SAO/NASA Astrophysics Data System},
Adsurl = {http://adsabs.harvard.edu/abs/2013A%26A...558A..33A},
Archiveprefix = {arXiv},
Author = {{Astropy Collaboration} and {Robitaille}, T.~P. and {Tollerud}, E.~J. and {Greenfield}, P. and {Droettboom}, M. and {Bray}, E. and {Aldcroft}, T. and {Davis}, M. and {Ginsburg}, A. and {Price-Whelan}, A.~M. and {Kerzendorf}, W.~E. and {Conley}, A. and {Crighton}, N. and {Barbary}, K. and {Muna}, D. and {Ferguson}, H. and {Grollier}, F. and {Parikh}, M.~M. and {Nair}, P.~H. and {Unther}, H.~M. and {Deil}, C. and {Woillez}, J. and {Conseil}, S. and {Kramer}, R. and {Turner}, J.~E.~H. and {Singer}, L. and {Fox}, R. and {Weaver}, B.~A. and {Zabalza}, V. and {Edwards}, Z.~I. and {Azalee Bostroem}, K. and {Burke}, D.~J. and {Casey}, A.~R. and {Crawford}, S.~M. and {Dencheva}, N. and {Ely}, J. and {Jenness}, T. and {Labrie}, K. and {Lim}, P.~L. and {Pierfederici}, F. and {Pontzen}, A. and {Ptak}, A. and {Refsdal}, B. and {Servillat}, M. and {Streicher}, O.},
Doi = {10.1051/0004-6361/201322068},
Eid = {A33},
Eprint = {1307.6212},
Journal = {\aap},
Keywords = {methods: data analysis, methods: miscellaneous, virtual observatory tools},
Month = oct,
Pages = {A33},
Primaryclass = {astro-ph.IM},
Title = {{Astropy: A community Python package for astronomy}},
Volume = 558,
Year = 2013,
Bdsk-Url-1 = {https://dx.doi.org/10.1051/0004-6361/201322068}}

@ARTICLE{astropy:2018,
       author = {{Astropy Collaboration} and {Price-Whelan}, A.~M. and
         {Sip{\H{o}}cz}, B.~M. and {G{\"u}nther}, H.~M. and {Lim}, P.~L. and
         {Crawford}, S.~M. and {Conseil}, S. and {Shupe}, D.~L. and
         {Craig}, M.~W. and {Dencheva}, N. and {Ginsburg}, A. and {Vand
        erPlas}, J.~T. and {Bradley}, L.~D. and {P{\'e}rez-Su{\'a}rez}, D. and
         {de Val-Borro}, M. and {Aldcroft}, T.~L. and {Cruz}, K.~L. and
         {Robitaille}, T.~P. and {Tollerud}, E.~J. and {Ardelean}, C. and
         {Babej}, T. and {Bach}, Y.~P. and {Bachetti}, M. and {Bakanov}, A.~V. and
         {Bamford}, S.~P. and {Barentsen}, G. and {Barmby}, P. and
         {Baumbach}, A. and {Berry}, K.~L. and {Biscani}, F. and {Boquien}, M. and
         {Bostroem}, K.~A. and {Bouma}, L.~G. and {Brammer}, G.~B. and
         {Bray}, E.~M. and {Breytenbach}, H. and {Buddelmeijer}, H. and
         {Burke}, D.~J. and {Calderone}, G. and {Cano Rodr{\'\i}guez}, J.~L. and
         {Cara}, M. and {Cardoso}, J.~V.~M. and {Cheedella}, S. and {Copin}, Y. and
         {Corrales}, L. and {Crichton}, D. and {D'Avella}, D. and {Deil}, C. and
         {Depagne}, {\'E}. and {Dietrich}, J.~P. and {Donath}, A. and
         {Droettboom}, M. and {Earl}, N. and {Erben}, T. and {Fabbro}, S. and
         {Ferreira}, L.~A. and {Finethy}, T. and {Fox}, R.~T. and
         {Garrison}, L.~H. and {Gibbons}, S.~L.~J. and {Goldstein}, D.~A. and
         {Gommers}, R. and {Greco}, J.~P. and {Greenfield}, P. and
         {Groener}, A.~M. and {Grollier}, F. and {Hagen}, A. and {Hirst}, P. and
         {Homeier}, D. and {Horton}, A.~J. and {Hosseinzadeh}, G. and {Hu}, L. and
         {Hunkeler}, J.~S. and {Ivezi{\'c}}, {\v{Z}}. and {Jain}, A. and
         {Jenness}, T. and {Kanarek}, G. and {Kendrew}, S. and {Kern}, N.~S. and
         {Kerzendorf}, W.~E. and {Khvalko}, A. and {King}, J. and {Kirkby}, D. and
         {Kulkarni}, A.~M. and {Kumar}, A. and {Lee}, A. and {Lenz}, D. and
         {Littlefair}, S.~P. and {Ma}, Z. and {Macleod}, D.~M. and
         {Mastropietro}, M. and {McCully}, C. and {Montagnac}, S. and
         {Morris}, B.~M. and {Mueller}, M. and {Mumford}, S.~J. and {Muna}, D. and
         {Murphy}, N.~A. and {Nelson}, S. and {Nguyen}, G.~H. and
         {Ninan}, J.~P. and {N{\"o}the}, M. and {Ogaz}, S. and {Oh}, S. and
         {Parejko}, J.~K. and {Parley}, N. and {Pascual}, S. and {Patil}, R. and
         {Patil}, A.~A. and {Plunkett}, A.~L. and {Prochaska}, J.~X. and
         {Rastogi}, T. and {Reddy Janga}, V. and {Sabater}, J. and
         {Sakurikar}, P. and {Seifert}, M. and {Sherbert}, L.~E. and
         {Sherwood-Taylor}, H. and {Shih}, A.~Y. and {Sick}, J. and
         {Silbiger}, M.~T. and {Singanamalla}, S. and {Singer}, L.~P. and
         {Sladen}, P.~H. and {Sooley}, K.~A. and {Sornarajah}, S. and
         {Streicher}, O. and {Teuben}, P. and {Thomas}, S.~W. and
         {Tremblay}, G.~R. and {Turner}, J.~E.~H. and {Terr{\'o}n}, V. and
         {van Kerkwijk}, M.~H. and {de la Vega}, A. and {Watkins}, L.~L. and
         {Weaver}, B.~A. and {Whitmore}, J.~B. and {Woillez}, J. and
         {Zabalza}, V. and {Astropy Contributors}},
        title = "{The Astropy Project: Building an Open-science Project and Status of the v2.0 Core Package}",
      journal = {\aj},
     keywords = {methods: data analysis, methods: miscellaneous, methods: statistical, reference systems, Astrophysics - Instrumentation and Methods for Astrophysics},
         year = 2018,
        month = sep,
       volume = {156},
       number = {3},
          eid = {123},
        pages = {123},
          doi = {10.3847/1538-3881/aabc4f},
archivePrefix = {arXiv},
       eprint = {1801.02634},
 primaryClass = {astro-ph.IM},
       adsurl = {https://ui.adsabs.harvard.edu/abs/2018AJ....156..123A},
      adsnote = {Provided by the SAO/NASA Astrophysics Data System}
}

@ARTICLE{abraham_94,
       author = {{Abraham}, Roberto G. and {Valdes}, Francisco and {Yee}, H.~K.~C. and {van den Bergh}, Sidney},
        title = "{The Morphologies of Distant Galaxies. I. an Automated Classification System}",
      journal = {\apj},
     keywords = {Astronomical Models, Computerized Simulation, Galactic Clusters, Image Classification, Mathematical Models, Morphology, Sky Surveys (Astronomy), Astronomical Photometry, Atmospheric Effects, Atmospheric Turbulence, Charge Coupled Devices, Monte Carlo Method, Seeing (Astronomy), Astrophysics, GALAXIES: FUNDAMENTAL PARAMETERS, GALAXIES: PHOTOMETRY},
         year = 1994,
        month = sep,
       volume = {432},
        pages = {75},
          doi = {10.1086/174550},
       adsurl = {https://ui.adsabs.harvard.edu/abs/1994ApJ...432...75A},
      adsnote = {Provided by the SAO/NASA Astrophysics Data System}
}

@ARTICLE{abadi_03,
       author = {{Abadi}, Mario G. and {Navarro}, Julio F. and {Steinmetz}, Matthias and {Eke}, Vincent R.},
        title = "{Simulations of Galaxy Formation in a {\ensuremath{\Lambda}} Cold Dark Matter Universe. I. Dynamical and Photometric Properties of a Simulated Disk Galaxy}",
      journal = {\apj},
     keywords = {Cosmology: Theory, Cosmology: Dark Matter, Galaxies: Formation, Galaxies: Structure, Methods: Numerical, Astrophysics},
         year = 2003,
        month = jul,
       volume = {591},
       number = {2},
        pages = {499-514},
          doi = {10.1086/375512},
archivePrefix = {arXiv},
       eprint = {astro-ph/0211331},
 primaryClass = {astro-ph},
       adsurl = {https://ui.adsabs.harvard.edu/abs/2003ApJ...591..499A},
      adsnote = {Provided by the SAO/NASA Astrophysics Data System}
}

@ARTICLE{ackermann_18,
       author = {{Ackermann}, Sandro and {Schawinski}, Kevin and {Zhang}, Ce and {Weigel}, Anna K. and {Turp}, M. Dennis},
        title = "{Using transfer learning to detect galaxy mergers}",
      journal = {\mnras},
     keywords = {methods: data analysis, techniques: image processing, galaxies: general, Astrophysics - Instrumentation and Methods for Astrophysics, Computer Science - Machine Learning},
         year = 2018,
        month = sep,
       volume = {479},
       number = {1},
        pages = {415-425},
          doi = {10.1093/mnras/sty1398},
archivePrefix = {arXiv},
       eprint = {1805.10289},
 primaryClass = {astro-ph.IM},
       adsurl = {https://ui.adsabs.harvard.edu/abs/2018MNRAS.479..415A},
      adsnote = {Provided by the SAO/NASA Astrophysics Data System}
}

@ARTICLE{ardizzone96,
       author = {{Ardizzone}, Edoardo and {Di Ges{\`u}}, Vito and {Maccarone}, Maria Concetta},
        title = "{Suitability of a content-based retrieval method in astronomical image databases}",
      journal = {Vistas in Astronomy},
         year = 1996,
        month = jan,
       volume = {40},
       number = {3},
        pages = {401-409},
          doi = {10.1016/S0083-6656(96)00023-2},
       adsurl = {https://ui.adsabs.harvard.edu/abs/1996VA.....40..401A},
      adsnote = {Provided by the SAO/NASA Astrophysics Data System}
}



@ARTICLE{alonso_07,
       author = {{Alonso}, M. Sol and {Lambas}, Diego G. and {Tissera}, Patricia and {Coldwell}, Georgina},
        title = "{Active galactic nuclei and galaxy interactions}",
      journal = {\mnras},
     keywords = {galaxies: evolution, galaxies: formation, cosmology: theory, Astrophysics},
         year = 2007,
        month = mar,
       volume = {375},
       number = {3},
        pages = {1017-1024},
          doi = {10.1111/j.1365-2966.2007.11367.x},
archivePrefix = {arXiv},
       eprint = {astro-ph/0701192},
 primaryClass = {astro-ph},
       adsurl = {https://ui.adsabs.harvard.edu/abs/2007MNRAS.375.1017A},
      adsnote = {Provided by the SAO/NASA Astrophysics Data System}
}

@ARTICLE{arp_cat,
       author = {{Arp}, Halton},
        title = "{Atlas of Peculiar Galaxies}",
      journal = {\apjs},
         year = 1966,
        month = nov,
       volume = {14},
        pages = {1},
          doi = {10.1086/190147},
       adsurl = {https://ui.adsabs.harvard.edu/abs/1966ApJS...14....1A},
      adsnote = {Provided by the SAO/NASA Astrophysics Data System}
}

@BOOK{arp87,
       author = {{Arp}, Halton C. and {Madore}, B.},
        title = "{A catalogue of southern peculiar galaxies and associations}",
         year = 1987,
       adsurl = {https://ui.adsabs.harvard.edu/abs/1987cspg.book.....A},
      adsnote = {Provided by the SAO/NASA Astrophysics Data System}
}

@ARTICLE{barchi20,
       author = {{Barchi}, P.~H. and {de Carvalho}, R.~R. and {Rosa}, R.~R. and {Sautter}, R.~A. and {Soares-Santos}, M. and {Marques}, B.~A.~D. and {Clua}, E. and {Gon{\c{c}}alves}, T.~S. and {de S{\'a}-Freitas}, C. and {Moura}, T.~C.},
        title = "{Machine and Deep Learning applied to galaxy morphology - A comparative study}",
      journal = {Astronomy and Computing},
     keywords = {Galaxies: photometry, Methods: data analysis, Machine learning, Techniques: image processing, Galaxies: General, Catalogs, Astrophysics - Instrumentation and Methods for Astrophysics, Astrophysics - Astrophysics of Galaxies},
         year = 2020,
        month = jan,
       volume = {30},
          eid = {100334},
        pages = {100334},
          doi = {10.1016/j.ascom.2019.100334},
archivePrefix = {arXiv},
       eprint = {1901.07047},
 primaryClass = {astro-ph.IM},
       adsurl = {https://ui.adsabs.harvard.edu/abs/2020A&C....3000334B},
      adsnote = {Provided by the SAO/NASA Astrophysics Data System}
}



@ARTICLE{bickley_21,
       author = {{Bickley}, Robert W. and {Bottrell}, Connor and {Hani}, Maan H. and {Ellison}, Sara L. and {Teimoorinia}, Hossen and {Yi}, Kwang Moo and {Wilkinson}, Scott and {Gwyn}, Stephen and {Hudson}, Michael J.},
        title = "{Convolutional neural network identification of galaxy post-mergers in UNIONS using IllustrisTNG}",
      journal = {\mnras},
     keywords = {methods: statistical, techniques: image processing, galaxies: evolution, galaxies: interactions, galaxies: peculiar, Astrophysics - Astrophysics of Galaxies},
         year = 2021,
        month = jun,
       volume = {504},
       number = {1},
        pages = {372-392},
          doi = {10.1093/mnras/stab806},
archivePrefix = {arXiv},
       eprint = {2103.09367},
 primaryClass = {astro-ph.GA},
       adsurl = {https://ui.adsabs.harvard.edu/abs/2021MNRAS.504..372B},
      adsnote = {Provided by the SAO/NASA Astrophysics Data System}
}

@ARTICLE{bottrell_19,
       author = {{Bottrell}, Connor and {Hani}, Maan H. and {Teimoorinia}, Hossen and {Ellison}, Sara L. and {Moreno}, Jorge and {Torrey}, Paul and {Hayward}, Christopher C. and {Thorp}, Mallory and {Simard}, Luc and {Hernquist}, Lars},
        title = "{Deep learning predictions of galaxy merger stage and the importance of observational realism}",
      journal = {\mnras},
     keywords = {Methods: data analysis, Methods: numerical, Techniques: image processing, Galaxies: general, Galaxies: interactions, Galaxies: photometry, Astrophysics - Astrophysics of Galaxies},
         year = 2019,
        month = dec,
       volume = {490},
       number = {4},
        pages = {5390-5413},
          doi = {10.1093/mnras/stz2934},
archivePrefix = {arXiv},
       eprint = {1910.07031},
 primaryClass = {astro-ph.GA},
       adsurl = {https://ui.adsabs.harvard.edu/abs/2019MNRAS.490.5390B},
      adsnote = {Provided by the SAO/NASA Astrophysics Data System}
}



@ARTICLE{buck_21,
       author = {{Buck}, Tobias and {Wolf}, Steffen},
        title = "{Predicting resolved galaxy properties from photometric images using convolutional neural networks}",
      journal = {arXiv e-prints},
     keywords = {Astrophysics - Astrophysics of Galaxies, Physics - Computational Physics, Physics - Data Analysis, Statistics and Probability, Physics - Space Physics},
         year = 2021,
        month = nov,
          eid = {arXiv:2111.01154},
        pages = {arXiv:2111.01154},
archivePrefix = {arXiv},
       eprint = {2111.01154},
 primaryClass = {astro-ph.GA},
       adsurl = {https://ui.adsabs.harvard.edu/abs/2021arXiv211101154B},
      adsnote = {Provided by the SAO/NASA Astrophysics Data System}
}

@ARTICLE{cheng21,
       author = {{Cheng}, Ting-Yun and {Huertas-Company}, Marc and {Conselice}, Christopher J. and {Arag{\'o}n-Salamanca}, Alfonso and {Robertson}, Brant E. and {Ramachandra}, Nesar},
        title = "{Beyond the hubble sequence - exploring galaxy morphology with unsupervised machine learning}",
      journal = {\mnras},
     keywords = {techniques: image processing, galaxies: general, methods: data analysis, Astrophysics - Astrophysics of Galaxies},
         year = 2021,
        month = may,
       volume = {503},
       number = {3},
        pages = {4446-4465},
          doi = {10.1093/mnras/stab734},
archivePrefix = {arXiv},
       eprint = {2009.11932},
 primaryClass = {astro-ph.GA},
       adsurl = {https://ui.adsabs.harvard.edu/abs/2021MNRAS.503.4446C},
      adsnote = {Provided by the SAO/NASA Astrophysics Data System}
}



@ARTICLE{cole94,
       author = {{Cole}, S. and {Aragon-Salamanca}, A. and {Frenk}, C.~S. and {Navarro}, J.~F. and {Zepf}, S.~E.},
        title = "{A recipe for galaxy formation.}",
      journal = {\mnras},
     keywords = {Astrophysics},
         year = 1994,
        month = dec,
       volume = {271},
        pages = {781-806},
          doi = {10.1093/mnras/271.4.781},
archivePrefix = {arXiv},
       eprint = {astro-ph/9402001},
 primaryClass = {astro-ph},
       adsurl = {https://ui.adsabs.harvard.edu/abs/1994MNRAS.271..781C},
      adsnote = {Provided by the SAO/NASA Astrophysics Data System}
}



@ARTICLE{dalcanton12,
       author = {{Dalcanton}, Julianne J. and {Williams}, Benjamin F. and {Lang}, Dustin and {Lauer}, Tod R. and {Kalirai}, Jason S. and {Seth}, Anil C. and {Dolphin}, Andrew and {Rosenfield}, Philip and {Weisz}, Daniel R. and {Bell}, Eric F. and {Bianchi}, Luciana C. and {Boyer}, Martha L. and {Caldwell}, Nelson and {Dong}, Hui and {Dorman}, Claire E. and {Gilbert}, Karoline M. and {Girardi}, L{\'e}o and {Gogarten}, Stephanie M. and {Gordon}, Karl D. and {Guhathakurta}, Puragra and {Hodge}, Paul W. and {Holtzman}, Jon A. and {Johnson}, L. Clifton and {Larsen}, S{\o}ren S. and {Lewis}, Alexia and {Melbourne}, Jason L. and {Olsen}, Knut A.~G. and {Rix}, Hans-Walter and {Rosema}, Keith and {Saha}, Abhijit and {Sarajedini}, Ata and {Skillman}, Evan D. and {Stanek}, Krzysztof Z.},
        title = "{The Panchromatic Hubble Andromeda Treasury}",
      journal = {\apjs},
     keywords = {galaxies: individual: M31, galaxies: stellar content, stars: general, stars: imaging, Astrophysics - Cosmology and Nongalactic Astrophysics, Astrophysics - Solar and Stellar Astrophysics},
         year = 2012,
        month = jun,
       volume = {200},
       number = {2},
          eid = {18},
        pages = {18},
          doi = {10.1088/0067-0049/200/2/18},
archivePrefix = {arXiv},
       eprint = {1204.0010},
 primaryClass = {astro-ph.CO},
       adsurl = {https://ui.adsabs.harvard.edu/abs/2012ApJS..200...18D},
      adsnote = {Provided by the SAO/NASA Astrophysics Data System}
}

@ARTICLE{darg_cat,
       author = {{Darg}, D.~W. and {Kaviraj}, S. and {Lintott}, C.~J. and {Schawinski}, K. and {Sarzi}, M. and {Bamford}, S. and {Silk}, J. and {Proctor}, R. and {Andreescu}, D. and {Murray}, P. and {Nichol}, R.~C. and {Raddick}, M.~J. and {Slosar}, A. and {Szalay}, A.~S. and {Thomas}, D. and {Vandenberg}, J.},
        title = "{Galaxy Zoo: the fraction of merging galaxies in the SDSS and their morphologies}",
      journal = {\mnras},
     keywords = {catalogues, galaxies: elliptical and lenticular, cD, galaxies: evolution, galaxies: general, galaxies: interactions, galaxies: spiral, Astrophysics - Astrophysics of Galaxies},
         year = 2010,
        month = jan,
       volume = {401},
       number = {2},
        pages = {1043-1056},
          doi = {10.1111/j.1365-2966.2009.15686.x},
archivePrefix = {arXiv},
       eprint = {0903.4937},
 primaryClass = {astro-ph.GA},
       adsurl = {https://ui.adsabs.harvard.edu/abs/2010MNRAS.401.1043D},
      adsnote = {Provided by the SAO/NASA Astrophysics Data System}
}
@ARTICLE{das22,
       author = {{Das}, Apashanka and {Pandey}, Biswajit and {Sarkar}, Suman},
        title = "{Do minor interactions trigger star formation in galaxy pairs?}",
      journal = {arXiv e-prints},
     keywords = {Astrophysics - Astrophysics of Galaxies, Astrophysics - Cosmology and Nongalactic Astrophysics},
         year = 2022,
        month = jul,
          eid = {arXiv:2207.03968},
        pages = {arXiv:2207.03968},
archivePrefix = {arXiv},
       eprint = {2207.03968},
 primaryClass = {astro-ph.GA},
       adsurl = {https://ui.adsabs.harvard.edu/abs/2022arXiv220703968D},
      adsnote = {Provided by the SAO/NASA Astrophysics Data System}
}

@ARTICLE{delucia_07,
       author = {{De Lucia}, Gabriella and {Blaizot}, J{\'e}r{\'e}my},
        title = "{The hierarchical formation of the brightest cluster galaxies}",
      journal = {\mnras},
     keywords = {galaxies: elliptical and lenticular, cD, galaxies: evolution, galaxies: formation, galaxies: fundamental parameters, galaxies: stellar content, Astrophysics},
         year = 2007,
        month = feb,
       volume = {375},
       number = {1},
        pages = {2-14},
          doi = {10.1111/j.1365-2966.2006.11287.x},
archivePrefix = {arXiv},
       eprint = {astro-ph/0606519},
 primaryClass = {astro-ph},
       adsurl = {https://ui.adsabs.harvard.edu/abs/2007MNRAS.375....2D},
      adsnote = {Provided by the SAO/NASA Astrophysics Data System}
}

@ARTICLE{desi:paper,
       author = {{Dey}, Arjun and {Schlegel}, David J. and {Lang}, Dustin and {Blum}, Robert and {Burleigh}, Kaylan and {Fan}, Xiaohui and {Findlay}, Joseph R. and {Finkbeiner}, Doug and {Herrera}, David and {Juneau}, St{\'e}phanie and {Landriau}, Martin and {Levi}, Michael and {McGreer}, Ian and {Meisner}, Aaron and {Myers}, Adam D. and {Moustakas}, John and {Nugent}, Peter and {Patej}, Anna and {Schlafly}, Edward F. and {Walker}, Alistair R. and {Valdes}, Francisco and {Weaver}, Benjamin A. and {Y{\`e}che}, Christophe and {Zou}, Hu and {Zhou}, Xu and {Abareshi}, Behzad and {Abbott}, T.~M.~C. and {Abolfathi}, Bela and {Aguilera}, C. and {Alam}, Shadab and {Allen}, Lori and {Alvarez}, A. and {Annis}, James and {Ansarinejad}, Behzad and {Aubert}, Marie and {Beechert}, Jacqueline and {Bell}, Eric F. and {BenZvi}, Segev Y. and {Beutler}, Florian and {Bielby}, Richard M. and {Bolton}, Adam S. and {Brice{\~n}o}, C{\'e}sar and {Buckley-Geer}, Elizabeth J. and {Butler}, Karen and {Calamida}, Annalisa and {Carlberg}, Raymond G. and {Carter}, Paul and {Casas}, Ricard and {Castander}, Francisco J. and {Choi}, Yumi and {Comparat}, Johan and {Cukanovaite}, Elena and {Delubac}, Timoth{\'e}e and {DeVries}, Kaitlin and {Dey}, Sharmila and {Dhungana}, Govinda and {Dickinson}, Mark and {Ding}, Zhejie and {Donaldson}, John B. and {Duan}, Yutong and {Duckworth}, Christopher J. and {Eftekharzadeh}, Sarah and {Eisenstein}, Daniel J. and {Etourneau}, Thomas and {Fagrelius}, Parker A. and {Farihi}, Jay and {Fitzpatrick}, Mike and {Font-Ribera}, Andreu and {Fulmer}, Leah and {G{\"a}nsicke}, Boris T. and {Gaztanaga}, Enrique and {George}, Koshy and {Gerdes}, David W. and {Gontcho}, Satya Gontcho A. and {Gorgoni}, Claudio and {Green}, Gregory and {Guy}, Julien and {Harmer}, Diane and {Hernandez}, M. and {Honscheid}, Klaus and {Huang}, Lijuan Wendy and {James}, David J. and {Jannuzi}, Buell T. and {Jiang}, Linhua and {Joyce}, Richard and {Karcher}, Armin and {Karkar}, Sonia and {Kehoe}, Robert and {Kneib}, Jean-Paul and {Kueter-Young}, Andrea and {Lan}, Ting-Wen and {Lauer}, Tod R. and {Le Guillou}, Laurent and {Le Van Suu}, Auguste and {Lee}, Jae Hyeon and {Lesser}, Michael and {Perreault Levasseur}, Laurence and {Li}, Ting S. and {Mann}, Justin L. and {Marshall}, Robert and {Mart{\'\i}nez-V{\'a}zquez}, C.~E. and {Martini}, Paul and {du Mas des Bourboux}, H{\'e}lion and {McManus}, Sean and {Meier}, Tobias Gabriel and {M{\'e}nard}, Brice and {Metcalfe}, Nigel and {Mu{\~n}oz-Guti{\'e}rrez}, Andrea and {Najita}, Joan and {Napier}, Kevin and {Narayan}, Gautham and {Newman}, Jeffrey A. and {Nie}, Jundan and {Nord}, Brian and {Norman}, Dara J. and {Olsen}, Knut A.~G. and {Paat}, Anthony and {Palanque-Delabrouille}, Nathalie and {Peng}, Xiyan and {Poppett}, Claire L. and {Poremba}, Megan R. and {Prakash}, Abhishek and {Rabinowitz}, David and {Raichoor}, Anand and {Rezaie}, Mehdi and {Robertson}, A.~N. and {Roe}, Natalie A. and {Ross}, Ashley J. and {Ross}, Nicholas P. and {Rudnick}, Gregory and {Safonova}, Sasha and {Saha}, Abhijit and {S{\'a}nchez}, F. Javier and {Savary}, Elodie and {Schweiker}, Heidi and {Scott}, Adam and {Seo}, Hee-Jong and {Shan}, Huanyuan and {Silva}, David R. and {Slepian}, Zachary and {Soto}, Christian and {Sprayberry}, David and {Staten}, Ryan and {Stillman}, Coley M. and {Stupak}, Robert J. and {Summers}, David L. and {Sien Tie}, Suk and {Tirado}, H. and {Vargas-Maga{\~n}a}, Mariana and {Vivas}, A. Katherina and {Wechsler}, Risa H. and {Williams}, Doug and {Yang}, Jinyi and {Yang}, Qian and {Yapici}, Tolga and {Zaritsky}, Dennis and {Zenteno}, A. and {Zhang}, Kai and {Zhang}, Tianmeng and {Zhou}, Rongpu and {Zhou}, Zhimin},
        title = "{Overview of the DESI Legacy Imaging Surveys}",
      journal = {\aj},
     keywords = {catalogs, surveys, Astrophysics - Instrumentation and Methods for Astrophysics},
         year = 2019,
        month = may,
       volume = {157},
       number = {5},
          eid = {168},
        pages = {168},
          doi = {10.3847/1538-3881/ab089d},
archivePrefix = {arXiv},
       eprint = {1804.08657},
 primaryClass = {astro-ph.IM},
       adsurl = {https://ui.adsabs.harvard.edu/abs/2019AJ....157..168D},
      adsnote = {Provided by the SAO/NASA Astrophysics Data System}
}

@ARTICLE{demello97,
       author = {{de Mello}, Du{\'\i}lia F. and {Infante}, Leopoldo and {Menanteau}, Felipe},
        title = "{A Catalog of Faint Interacting Galaxies in Pairs and Groups}",
      journal = {\apjs},
     keywords = {Catalogs, Galaxies: Clusters: General, Galaxies: Interactions, Astrophysics},
         year = 1997,
        month = jan,
       volume = {108},
       number = {1},
        pages = {99-153},
          doi = {10.1086/312952},
archivePrefix = {arXiv},
       eprint = {astro-ph/9605172},
 primaryClass = {astro-ph},
       adsurl = {https://ui.adsabs.harvard.edu/abs/1997ApJS..108...99D},
      adsnote = {Provided by the SAO/NASA Astrophysics Data System}
}

@ARTICLE{dalcanton04,
       author = {{Dalcanton}, Julianne J. and {Williams}, Benjamin F. and {Lang}, Dustin and {Lauer}, Tod R. and {Kalirai}, Jason S. and {Seth}, Anil C. and {Dolphin}, Andrew and {Rosenfield}, Philip and {Weisz}, Daniel R. and {Bell}, Eric F. and {Bianchi}, Luciana C. and {Boyer}, Martha L. and {Caldwell}, Nelson and {Dong}, Hui and {Dorman}, Claire E. and {Gilbert}, Karoline M. and {Girardi}, L{\'e}o and {Gogarten}, Stephanie M. and {Gordon}, Karl D. and {Guhathakurta}, Puragra and {Hodge}, Paul W. and {Holtzman}, Jon A. and {Johnson}, L. Clifton and {Larsen}, S{\o}ren S. and {Lewis}, Alexia and {Melbourne}, Jason L. and {Olsen}, Knut A.~G. and {Rix}, Hans-Walter and {Rosema}, Keith and {Saha}, Abhijit and {Sarajedini}, Ata and {Skillman}, Evan D. and {Stanek}, Krzysztof Z.},
        title = "{The Panchromatic Hubble Andromeda Treasury}",
      journal = {\apjs},
     keywords = {galaxies: individual: M31, galaxies: stellar content, stars: general, stars: imaging, Astrophysics - Cosmology and Nongalactic Astrophysics, Astrophysics - Solar and Stellar Astrophysics},
         year = 2012,
        month = jun,
       volume = {200},
       number = {2},
          eid = {18},
        pages = {18},
          doi = {10.1088/0067-0049/200/2/18},
archivePrefix = {arXiv},
       eprint = {1204.0010},
 primaryClass = {astro-ph.CO},
       adsurl = {https://ui.adsabs.harvard.edu/abs/2012ApJS..200...18D},
      adsnote = {Provided by the SAO/NASA Astrophysics Data System}
}



@ARTICLE{ellison_08,
       author = {{Ellison}, Sara L. and {Patton}, David R. and {Simard}, Luc and {McConnachie}, Alan W.},
        title = "{Galaxy Pairs in the Sloan Digital Sky Survey. I. Star Formation, Active Galactic Nucleus Fraction, and the Mass-Metallicity Relation}",
      journal = {\aj},
     keywords = {galaxies: abundances, galaxies: ISM, Astrophysics},
         year = 2008,
        month = may,
       volume = {135},
       number = {5},
        pages = {1877-1899},
          doi = {10.1088/0004-6256/135/5/1877},
archivePrefix = {arXiv},
       eprint = {0803.0161},
 primaryClass = {astro-ph},
       adsurl = {https://ui.adsabs.harvard.edu/abs/2008AJ....135.1877E},
      adsnote = {Provided by the SAO/NASA Astrophysics Data System}
}

@ARTICLE{ellison_11,
       author = {{Ellison}, Sara L. and {Patton}, David R. and {Mendel}, J. Trevor and {Scudder}, Jillian M.},
        title = "{Galaxy pairs in the Sloan Digital Sky Survey - IV. Interactions trigger active galactic nuclei}",
      journal = {\mnras},
     keywords = {galaxies: active, galaxies: interactions, Astrophysics - Cosmology and Nongalactic Astrophysics},
         year = 2011,
        month = dec,
       volume = {418},
       number = {3},
        pages = {2043-2053},
          doi = {10.1111/j.1365-2966.2011.19624.x},
archivePrefix = {arXiv},
       eprint = {1108.2711},
 primaryClass = {astro-ph.CO},
       adsurl = {https://ui.adsabs.harvard.edu/abs/2011MNRAS.418.2043E},
      adsnote = {Provided by the SAO/NASA Astrophysics Data System}
}

@ARTICLE{elaziz17,
       author = {{Abd El Aziz}, Mohamed and {Selim}, I.~M. and {Xiong}, Shengwu},
        title = "{Automatic Detection of Galaxy Type From Datasets of Galaxies Image Based on Image Retrieval Approach}",
      journal = {Scientific Reports},
         year = 2017,
        month = jun,
       volume = {7},
          eid = {4463},
        pages = {4463},
          doi = {10.1038/s41598-017-04605-9},
       adsurl = {https://ui.adsabs.harvard.edu/abs/2017NatSR...7.4463A},
      adsnote = {Provided by the SAO/NASA Astrophysics Data System}
}

@ARTICLE{ferreira22,
       author = {{Ferreira}, Leonardo and {Adams}, Nathan and {Conselice}, Christopher J. and {Sazonova}, Elizaveta and {Austin}, Duncan and {Caruana}, Joseph and {Ferrari}, Fabricio and {Verma}, Aprajita and {Trussler}, James and {Broadhurst}, Tom and {Diego}, Jose and {Frye}, Brenda L. and {Pascale}, Massimo and {Wilkins}, Stephen M. and {Windhorst}, Rogier A. and {Zitrin}, Adi},
        title = "{Panic! at the Disks: First Rest-frame Optical Observations of Galaxy Structure at z > 3 with JWST in the SMACS 0723 Field}",
      journal = {\apjl},
     keywords = {Galaxy classification systems, 582, Astrophysics - Astrophysics of Galaxies},
         year = 2022,
        month = oct,
       volume = {938},
       number = {1},
          eid = {L2},
        pages = {L2},
          doi = {10.3847/2041-8213/ac947c},
archivePrefix = {arXiv},
       eprint = {2207.09428},
 primaryClass = {astro-ph.GA},
       adsurl = {https://ui.adsabs.harvard.edu/abs/2022ApJ...938L...2F},
      adsnote = {Provided by the SAO/NASA Astrophysics Data System}
}

@inbook{nielsen16,
author = {Nielsen, Frank},
year = {2016},
month = {02},
pages = {195-211},
title = {Hierarchical Clustering},
isbn = {978-3-319-21902-8},
doi = {10.1007/978-3-319-21903-5_8}
}

@ARTICLE{ghosh20,
       author = {{Ghosh}, Aritra and {Urry}, C. Megan and {Wang}, Zhengdong and {Schawinski}, Kevin and {Turp}, Dennis and {Powell}, Meredith C.},
        title = "{Galaxy Morphology Network: A Convolutional Neural Network Used to Study Morphology and Quenching in {\ensuremath{\sim}}100,000 SDSS and {\ensuremath{\sim}}20,000 CANDELS Galaxies}",
      journal = {\apj},
     keywords = {Galaxies, Galaxy classification systems, Galaxy evolution, Galaxy quenching, Astronomy data analysis, Convolutional neural networks, Neural networks, 573, 582, 594, 2040, 1858, 1938, 1933, Astrophysics - Astrophysics of Galaxies, Astrophysics - Instrumentation and Methods for Astrophysics},
         year = 2020,
        month = jun,
       volume = {895},
       number = {2},
          eid = {112},
        pages = {112},
          doi = {10.3847/1538-4357/ab8a47},
archivePrefix = {arXiv},
       eprint = {2006.14639},
 primaryClass = {astro-ph.GA},
       adsurl = {https://ui.adsabs.harvard.edu/abs/2020ApJ...895..112G},
      adsnote = {Provided by the SAO/NASA Astrophysics Data System}
}

@ARTICLE{lotz08,
       author = {{Lotz}, Jennifer M. and {Davis}, M. and {Faber}, S.~M. and {Guhathakurta}, P. and {Gwyn}, S. and {Huang}, J. and {Koo}, D.~C. and {Le Floc'h}, E. and {Lin}, Lihwai and {Newman}, J. and {Noeske}, K. and {Papovich}, C. and {Willmer}, C.~N.~A. and {Coil}, A. and {Conselice}, C.~J. and {Cooper}, M. and {Hopkins}, A.~M. and {Metevier}, A. and {Primack}, J. and {Rieke}, G. and {Weiner}, B.~J.},
        title = "{The Evolution of Galaxy Mergers and Morphology at z < 1.2 in the Extended Groth Strip}",
      journal = {\apj},
     keywords = {galaxies: evolution, galaxies: high-redshift, galaxies: interactions, galaxies: structure, Astrophysics},
         year = 2008,
        month = jan,
       volume = {672},
       number = {1},
        pages = {177-197},
          doi = {10.1086/523659},
archivePrefix = {arXiv},
       eprint = {astro-ph/0602088},
 primaryClass = {astro-ph},
       adsurl = {https://ui.adsabs.harvard.edu/abs/2008ApJ...672..177L},
      adsnote = {Provided by the SAO/NASA Astrophysics Data System}
}



@ARTICLE{guo_08,
       author = {{Guo}, Q. and {White}, S.~D.~M.},
        title = "{Galaxy growth in the concordance {\ensuremath{\Lambda}}CDM cosmology}",
      journal = {\mnras},
     keywords = {galaxies: evolution, galaxies: formation, galaxies: high-redshift, galaxies: interactions, cosmology: theory, dark matter, Astrophysics},
         year = 2008,
        month = feb,
       volume = {384},
       number = {1},
        pages = {2-10},
          doi = {10.1111/j.1365-2966.2007.12619.x},
archivePrefix = {arXiv},
       eprint = {0708.1814},
 primaryClass = {astro-ph},
       adsurl = {https://ui.adsabs.harvard.edu/abs/2008MNRAS.384....2G},
      adsnote = {Provided by the SAO/NASA Astrophysics Data System}
}

@ARTICLE{gz:2,
       author = {{Willett}, Kyle W. and {Lintott}, Chris J. and {Bamford}, Steven P. and {Masters}, Karen L. and {Simmons}, Brooke D. and {Casteels}, Kevin R.~V. and {Edmondson}, Edward M. and {Fortson}, Lucy F. and {Kaviraj}, Sugata and {Keel}, William C. and {Melvin}, Thomas and {Nichol}, Robert C. and {Raddick}, M. Jordan and {Schawinski}, Kevin and {Simpson}, Robert J. and {Skibba}, Ramin A. and {Smith}, Arfon M. and {Thomas}, Daniel},
        title = "{Galaxy Zoo 2: detailed morphological classifications for 304 122 galaxies from the Sloan Digital Sky Survey}",
      journal = {\mnras},
     keywords = {methods: data analysis, catalogues, galaxies: elliptical and lenticular, galaxies: general, galaxies: spiral, Astrophysics - Cosmology and Nongalactic Astrophysics},
         year = 2013,
        month = nov,
       volume = {435},
       number = {4},
        pages = {2835-2860},
          doi = {10.1093/mnras/stt1458},
archivePrefix = {arXiv},
       eprint = {1308.3496},
 primaryClass = {astro-ph.CO},
       adsurl = {https://ui.adsabs.harvard.edu/abs/2013MNRAS.435.2835W},
      adsnote = {Provided by the SAO/NASA Astrophysics Data System}
}

@ARTICLE{gz:h,
       author = {{Willett}, Kyle W. and {Galloway}, Melanie A. and {Bamford}, Steven P. and {Lintott}, Chris J. and {Masters}, Karen L. and {Scarlata}, Claudia and {Simmons}, B.~D. and {Beck}, Melanie and {Cardamone}, Carolin N. and {Cheung}, Edmond and {Edmondson}, Edward M. and {Fortson}, Lucy F. and {Griffith}, Roger L. and {H{\"a}u{\ss}ler}, Boris and {Han}, Anna and {Hart}, Ross and {Melvin}, Thomas and {Parrish}, Michael and {Schawinski}, Kevin and {Smethurst}, R.~J. and {Smith}, Arfon M.},
        title = "{Galaxy Zoo: morphological classifications for 120 000 galaxies in HST legacy imaging}",
      journal = {\mnras},
     keywords = {methods: data analysis, catalogues, galaxies: evolution, galaxies: high-redshift, galaxies: structure, Astrophysics - Astrophysics of Galaxies, Astrophysics - Cosmology and Nongalactic Astrophysics},
         year = 2017,
        month = feb,
       volume = {464},
       number = {4},
        pages = {4176-4203},
          doi = {10.1093/mnras/stw2568},
archivePrefix = {arXiv},
       eprint = {1610.03068},
 primaryClass = {astro-ph.GA},
       adsurl = {https://ui.adsabs.harvard.edu/abs/2017MNRAS.464.4176W},
      adsnote = {Provided by the SAO/NASA Astrophysics Data System}
}

@ARTICLE{gz:c,
       author = {{Simmons}, B.~D. and {Lintott}, Chris and {Willett}, Kyle W. and {Masters}, Karen L. and {Kartaltepe}, Jeyhan S. and {H{\"a}u{\ss}ler}, Boris and {Kaviraj}, Sugata and {Krawczyk}, Coleman and {Kruk}, S.~J. and {McIntosh}, Daniel H. and {Smethurst}, R.~J. and {Nichol}, Robert C. and {Scarlata}, Claudia and {Schawinski}, Kevin and {Conselice}, Christopher J. and {Almaini}, Omar and {Ferguson}, Henry C. and {Fortson}, Lucy and {Hartley}, William and {Kocevski}, Dale and {Koekemoer}, Anton M. and {Mortlock}, Alice and {Newman}, Jeffrey A. and {Bamford}, Steven P. and {Grogin}, N.~A. and {Lucas}, Ray A. and {Hathi}, Nimish P. and {McGrath}, Elizabeth and {Peth}, Michael and {Pforr}, Janine and {Rizer}, Zachary and {Wuyts}, Stijn and {Barro}, Guillermo and {Bell}, Eric F. and {Castellano}, Marco and {Dahlen}, Tomas and {Dekel}, Avishai and {Ownsworth}, Jamie and {Faber}, Sandra M. and {Finkelstein}, Steven L. and {Fontana}, Adriano and {Galametz}, Audrey and {Gr{\"u}tzbauch}, Ruth and {Koo}, David and {Lotz}, Jennifer and {Mobasher}, Bahram and {Mozena}, Mark and {Salvato}, Mara and {Wiklind}, Tommy},
        title = "{Galaxy Zoo: quantitative visual morphological classifications for 48 000 galaxies from CANDELS}",
      journal = {\mnras},
     keywords = {galaxies: bulges, galaxies: elliptical and lenticular, cD, galaxies: evolution, galaxies: general, galaxies: spiral, galaxies: structure, Astrophysics - Astrophysics of Galaxies},
         year = 2017,
        month = feb,
       volume = {464},
       number = {4},
        pages = {4420-4447},
          doi = {10.1093/mnras/stw2587},
archivePrefix = {arXiv},
       eprint = {1610.03070},
 primaryClass = {astro-ph.GA},
       adsurl = {https://ui.adsabs.harvard.edu/abs/2017MNRAS.464.4420S},
      adsnote = {Provided by the SAO/NASA Astrophysics Data System}
}

@ARTICLE{giavalisco04,
       author = {{Giavalisco}, M. and {Ferguson}, H.~C. and {Koekemoer}, A.~M. and {Dickinson}, M. and {Alexander}, D.~M. and {Bauer}, F.~E. and {Bergeron}, J. and {Biagetti}, C. and {Brandt}, W.~N. and {Casertano}, S. and {Cesarsky}, C. and {Chatzichristou}, E. and {Conselice}, C. and {Cristiani}, S. and {Da Costa}, L. and {Dahlen}, T. and {de Mello}, D. and {Eisenhardt}, P. and {Erben}, T. and {Fall}, S.~M. and {Fassnacht}, C. and {Fosbury}, R. and {Fruchter}, A. and {Gardner}, J.~P. and {Grogin}, N. and {Hook}, R.~N. and {Hornschemeier}, A.~E. and {Idzi}, R. and {Jogee}, S. and {Kretchmer}, C. and {Laidler}, V. and {Lee}, K.~S. and {Livio}, M. and {Lucas}, R. and {Madau}, P. and {Mobasher}, B. and {Moustakas}, L.~A. and {Nonino}, M. and {Padovani}, P. and {Papovich}, C. and {Park}, Y. and {Ravindranath}, S. and {Renzini}, A. and {Richardson}, M. and {Riess}, A. and {Rosati}, P. and {Schirmer}, M. and {Schreier}, E. and {Somerville}, R.~S. and {Spinrad}, H. and {Stern}, D. and {Stiavelli}, M. and {Strolger}, L. and {Urry}, C.~M. and {Vandame}, B. and {Williams}, R. and {Wolf}, C.},
        title = "{The Great Observatories Origins Deep Survey: Initial Results from Optical and Near-Infrared Imaging}",
      journal = {\apjl},
     keywords = {Cosmology: Observations, Galaxies: Distances and Redshifts, Galaxies: Evolution, Galaxies: Formation, Astrophysics},
         year = 2004,
        month = jan,
       volume = {600},
       number = {2},
        pages = {L93-L98},
          doi = {10.1086/379232},
archivePrefix = {arXiv},
       eprint = {astro-ph/0309105},
 primaryClass = {astro-ph},
       adsurl = {https://ui.adsabs.harvard.edu/abs/2004ApJ...600L..93G},
      adsnote = {Provided by the SAO/NASA Astrophysics Data System}
}

@ARTICLE{whitaker12,
       author = {{Whitaker}, Katherine E. and {Kriek}, Mariska and {van Dokkum}, Pieter G. and {Bezanson}, Rachel and {Brammer}, Gabriel and {Franx}, Marijn and {Labb{\'e}}, Ivo},
        title = "{A Large Population of Massive Compact Post-starburst Galaxies at z > 1: Implications for the Size Evolution and Quenching Mechanism of Quiescent Galaxies}",
      journal = {\apj},
     keywords = {galaxies: evolution, galaxies: formation, galaxies: high-redshift, Astrophysics - Cosmology and Nongalactic Astrophysics, Astrophysics - Astrophysics of Galaxies},
         year = 2012,
        month = feb,
       volume = {745},
       number = {2},
          eid = {179},
        pages = {179},
          doi = {10.1088/0004-637X/745/2/179},
archivePrefix = {arXiv},
       eprint = {1112.0313},
 primaryClass = {astro-ph.CO},
       adsurl = {https://ui.adsabs.harvard.edu/abs/2012ApJ...745..179W},
      adsnote = {Provided by the SAO/NASA Astrophysics Data System}
}



@ARTICLE{jacobs_19,
       author = {{Jacobs}, C. and {Collett}, T. and {Glazebrook}, K. and {Buckley-Geer}, E. and {Diehl}, H.~T. and {Lin}, H. and {McCarthy}, C. and {Qin}, A.~K. and {Odden}, C. and {Caso Escudero}, M. and {Dial}, P. and {Yung}, V.~J. and {Gaitsch}, S. and {Pellico}, A. and {Lindgren}, K.~A. and {Abbott}, T.~M.~C. and {Annis}, J. and {Avila}, S. and {Brooks}, D. and {Burke}, D.~L. and {Carnero Rosell}, A. and {Carrasco Kind}, M. and {Carretero}, J. and {da Costa}, L.~N. and {De Vicente}, J. and {Fosalba}, P. and {Frieman}, J. and {Garc{\'\i}a-Bellido}, J. and {Gaztanaga}, E. and {Goldstein}, D.~A. and {Gruen}, D. and {Gruendl}, R.~A. and {Gschwend}, J. and {Hollowood}, D.~L. and {Honscheid}, K. and {Hoyle}, B. and {James}, D.~J. and {Krause}, E. and {Kuropatkin}, N. and {Lahav}, O. and {Lima}, M. and {Maia}, M.~A.~G. and {Marshall}, J.~L. and {Miquel}, R. and {Plazas}, A.~A. and {Roodman}, A. and {Sanchez}, E. and {Scarpine}, V. and {Serrano}, S. and {Sevilla-Noarbe}, I. and {Smith}, M. and {Sobreira}, F. and {Suchyta}, E. and {Swanson}, M.~E.~C. and {Tarle}, G. and {Vikram}, V. and {Walker}, A.~R. and {Zhang}, Y. and {DES Collaboration}},
        title = "{An Extended Catalog of Galaxy-Galaxy Strong Gravitational Lenses Discovered in DES Using Convolutional Neural Networks}",
      journal = {\apjs},
     keywords = {gravitational lensing: strong, methods: data analysis, methods: statistical, surveys, Astrophysics - Astrophysics of Galaxies},
         year = 2019,
        month = jul,
       volume = {243},
       number = {1},
          eid = {17},
        pages = {17},
          doi = {10.3847/1538-4365/ab26b6},
archivePrefix = {arXiv},
       eprint = {1905.10522},
 primaryClass = {astro-ph.GA},
       adsurl = {https://ui.adsabs.harvard.edu/abs/2019ApJS..243...17J},
      adsnote = {Provided by the SAO/NASA Astrophysics Data System}
}

@ARTICLE{Lintott_08,
       author = {{Lintott}, Chris J. and {Schawinski}, Kevin and {Slosar}, An{\v{z}}e and {Land}, Kate and {Bamford}, Steven and {Thomas}, Daniel and {Raddick}, M. Jordan and {Nichol}, Robert C. and {Szalay}, Alex and {Andreescu}, Dan and {Murray}, Phil and {Vandenberg}, Jan},
        title = "{Galaxy Zoo: morphologies derived from visual inspection of galaxies from the Sloan Digital Sky Survey}",
      journal = {\mnras},
     keywords = {methods: data analysis, galaxies: elliptical and lenticular, cD, galaxies: general, galaxies: spiral, Astrophysics},
         year = 2008,
        month = sep,
       volume = {389},
       number = {3},
        pages = {1179-1189},
          doi = {10.1111/j.1365-2966.2008.13689.x},
archivePrefix = {arXiv},
       eprint = {0804.4483},
 primaryClass = {astro-ph},
       adsurl = {https://ui.adsabs.harvard.edu/abs/2008MNRAS.389.1179L},
      adsnote = {Provided by the SAO/NASA Astrophysics Data System}
}

@ARTICLE{nair10,
       author = {{Nair}, Preethi B. and {Abraham}, Roberto G.},
        title = "{A Catalog of Detailed Visual Morphological Classifications for 14,034 Galaxies in the Sloan Digital Sky Survey}",
      journal = {\apjs},
     keywords = {catalogs, galaxies: fundamental parameters, galaxies: photometry, galaxies: structure, Astrophysics - Cosmology and Nongalactic Astrophysics},
         year = 2010,
        month = feb,
       volume = {186},
       number = {2},
        pages = {427-456},
          doi = {10.1088/0067-0049/186/2/427},
archivePrefix = {arXiv},
       eprint = {1001.2401},
 primaryClass = {astro-ph.CO},
       adsurl = {https://ui.adsabs.harvard.edu/abs/2010ApJS..186..427N},
      adsnote = {Provided by the SAO/NASA Astrophysics Data System}
}

@ARTICLE{scoville07,
       author = {{Scoville}, N. and {Aussel}, H. and {Brusa}, M. and {Capak}, P. and {Carollo}, C.~M. and {Elvis}, M. and {Giavalisco}, M. and {Guzzo}, L. and {Hasinger}, G. and {Impey}, C. and {Kneib}, J. -P. and {LeFevre}, O. and {Lilly}, S.~J. and {Mobasher}, B. and {Renzini}, A. and {Rich}, R.~M. and {Sanders}, D.~B. and {Schinnerer}, E. and {Schminovich}, D. and {Shopbell}, P. and {Taniguchi}, Y. and {Tyson}, N.~D.},
        title = "{The Cosmic Evolution Survey (COSMOS): Overview}",
      journal = {\apjs},
     keywords = {Cosmology: Observations, Cosmology: Dark Matter, Galaxies: Evolution, Galaxies: Formation, Cosmology: Large-Scale Structure of Universe, Surveys, Astrophysics},
         year = 2007,
        month = sep,
       volume = {172},
       number = {1},
        pages = {1-8},
          doi = {10.1086/516585},
archivePrefix = {arXiv},
       eprint = {astro-ph/0612305},
 primaryClass = {astro-ph},
       adsurl = {https://ui.adsabs.harvard.edu/abs/2007ApJS..172....1S},
      adsnote = {Provided by the SAO/NASA Astrophysics Data System}
}

@ARTICLE{schawinski14,
       author = {{Schawinski}, Kevin and {Urry}, C. Megan and {Simmons}, Brooke D. and {Fortson}, Lucy and {Kaviraj}, Sugata and {Keel}, William C. and {Lintott}, Chris J. and {Masters}, Karen L. and {Nichol}, Robert C. and {Sarzi}, Marc and {Skibba}, Ramin and {Treister}, Ezequiel and {Willett}, Kyle W. and {Wong}, O. Ivy and {Yi}, Sukyoung K.},
        title = "{The green valley is a red herring: Galaxy Zoo reveals two evolutionary pathways towards quenching of star formation in early- and late-type galaxies}",
      journal = {\mnras},
     keywords = {galaxies: active, galaxies: elliptical and lenticular, cD, galaxies: evolution, galaxies: spiral, Astrophysics - Astrophysics of Galaxies, Astrophysics - Cosmology and Nongalactic Astrophysics},
         year = 2014,
        month = may,
       volume = {440},
       number = {1},
        pages = {889-907},
          doi = {10.1093/mnras/stu327},
archivePrefix = {arXiv},
       eprint = {1402.4814},
 primaryClass = {astro-ph.GA},
       adsurl = {https://ui.adsabs.harvard.edu/abs/2014MNRAS.440..889S},
      adsnote = {Provided by the SAO/NASA Astrophysics Data System}
}

@ARTICLE{smethurst18,
       author = {{Smethurst}, R.~J. and {Masters}, K.~L. and {Lintott}, C.~J. and {Weijmans}, A. and {Merrifield}, M. and {Penny}, S.~J. and {Arag{\'o}n-Salamanca}, A. and {Brownstein}, J. and {Bundy}, K. and {Drory}, N. and {Law}, D.~R. and {Nichol}, R.~C.},
        title = "{SDSS-IV MaNGA: the different quenching histories of fast and slow rotators}",
      journal = {\mnras},
     keywords = {galaxies: general, galaxy: photometry, galaxies: statistics, Astrophysics - Astrophysics of Galaxies},
         year = 2018,
        month = jan,
       volume = {473},
       number = {2},
        pages = {2679-2687},
          doi = {10.1093/mnras/stx2547},
archivePrefix = {arXiv},
       eprint = {1709.09175},
 primaryClass = {astro-ph.GA},
       adsurl = {https://ui.adsabs.harvard.edu/abs/2018MNRAS.473.2679S},
      adsnote = {Provided by the SAO/NASA Astrophysics Data System}
}

@ARTICLE{lopez09,
       author = {{L{\'o}pez-Sanjuan}, C. and {Balcells}, M. and {P{\'e}rez-Gonz{\'a}lez}, P.~G. and {Barro}, G. and {Garc{\'\i}a-Dab{\'o}}, C.~E. and {Gallego}, J. and {Zamorano}, J.},
        title = "{The galaxy major merger fraction to \{z\}   1}",
      journal = {\aap},
     keywords = {galaxies: evolution, galaxies: formation, galaxies: interactions, galaxies: statistics, Astrophysics - Cosmology and Extragalactic Astrophysics},
         year = 2009,
        month = jul,
       volume = {501},
       number = {2},
        pages = {505-518},
          doi = {10.1051/0004-6361/200911923},
archivePrefix = {arXiv},
       eprint = {0905.2765},
 primaryClass = {astro-ph.CO},
       adsurl = {https://ui.adsabs.harvard.edu/abs/2009A&A...501..505L},
      adsnote = {Provided by the SAO/NASA Astrophysics Data System}
}



@ARTICLE{smethurst15,
       author = {{Smethurst}, R.~J. and {Lintott}, C.~J. and {Simmons}, B.~D. and {Schawinski}, K. and {Marshall}, P.~J. and {Bamford}, S. and {Fortson}, L. and {Kaviraj}, S. and {Masters}, K.~L. and {Melvin}, T. and {Nichol}, R.~C. and {Skibba}, R.~A. and {Willett}, K.~W.},
        title = "{Galaxy Zoo: evidence for diverse star formation histories through the green valley}",
      journal = {\mnras},
     keywords = {galaxies: abundances, galaxies: evolution, galaxies: general, galaxies: photometry, galaxies: statistics, Astrophysics - Astrophysics of Galaxies},
         year = 2015,
        month = jun,
       volume = {450},
       number = {1},
        pages = {435-453},
          doi = {10.1093/mnras/stv161},
archivePrefix = {arXiv},
       eprint = {1501.05955},
 primaryClass = {astro-ph.GA},
       adsurl = {https://ui.adsabs.harvard.edu/abs/2015MNRAS.450..435S},
      adsnote = {Provided by the SAO/NASA Astrophysics Data System}
}




@ARTICLE{Pearson_19,
       author = {{Pearson}, W.~J. and {Wang}, L. and {Trayford}, J.~W. and {Petrillo}, C.~E. and {van der Tak}, F.~F.~S.},
        title = "{Identifying galaxy mergers in observations and simulations with deep learning}",
      journal = {\aap},
     keywords = {galaxies: interactions, techniques: image processing, methods: data analysis, methods: numerical, Astrophysics - Astrophysics of Galaxies},
         year = 2019,
        month = jun,
       volume = {626},
          eid = {A49},
        pages = {A49},
          doi = {10.1051/0004-6361/201935355},
archivePrefix = {arXiv},
       eprint = {1902.10626},
 primaryClass = {astro-ph.GA},
       adsurl = {https://ui.adsabs.harvard.edu/abs/2019A&A...626A..49P},
      adsnote = {Provided by the SAO/NASA Astrophysics Data System}
}



@ARTICLE{Pearson_22,
       author = {{Pearson}, W.~J. and {Suelves}, L.~E. and {Ho}, S.~C. -C. and {Oi}, N. and {Brough}, S. and {Holwerda}, B.~W. and {Hopkins}, A.~M. and {Huang}, T. -C. and {Hwang}, H.~S. and {Kelvin}, L.~S. and {Kim}, S.~J. and {L{\'o}pez-S{\'a}nchez}, {\'A}. R. and {Ma{\l}ek}, K. and {Pearson}, C. and {Poliszczuk}, A. and {Pollo}, A. and {Rodriguez-Gomez}, V. and {Shim}, H. and {Toba}, Y. and {Wang}, L.},
        title = "{North Ecliptic Pole merging galaxy catalogue}",
      journal = {\aap},
     keywords = {catalogs, galaxies: interactions, galaxies: evolution, methods: data analysis, galaxies: statistics, Astrophysics - Astrophysics of Galaxies},
         year = 2022,
        month = may,
       volume = {661},
          eid = {A52},
        pages = {A52},
          doi = {10.1051/0004-6361/202141013},
archivePrefix = {arXiv},
       eprint = {2202.10780},
 primaryClass = {astro-ph.GA},
       adsurl = {https://ui.adsabs.harvard.edu/abs/2022A&A...661A..52P},
      adsnote = {Provided by the SAO/NASA Astrophysics Data System}
}
@ARTICLE{pearson19b,
       author = {{Pearson}, W.~J. and {Wang}, L. and {Alpaslan}, M. and {Baldry}, I. and {Bilicki}, M. and {Brown}, M.~J.~I. and {Grootes}, M.~W. and {Holwerda}, B.~W. and {Kitching}, T.~D. and {Kruk}, S. and {van der Tak}, F.~F.~S.},
        title = "{Effect of galaxy mergers on star-formation rates}",
      journal = {\aap},
     keywords = {galaxies: interactions, galaxies: evolution, galaxies: star formation, galaxies: starburst, methods: numerical, Astrophysics - Astrophysics of Galaxies},
         year = 2019,
        month = nov,
       volume = {631},
          eid = {A51},
        pages = {A51},
          doi = {10.1051/0004-6361/201936337},
archivePrefix = {arXiv},
       eprint = {1908.10115},
 primaryClass = {astro-ph.GA},
       adsurl = {https://ui.adsabs.harvard.edu/abs/2019A&A...631A..51P},
      adsnote = {Provided by the SAO/NASA Astrophysics Data System}
}

@ARTICLE{merge_20,
       author = {{{\'C}iprijanovi{\'c}}, A. and {Snyder}, G.~F. and {Nord}, B. and {Peek}, J.~E.~G.},
        title = "{DeepMerge: Classifying high-redshift merging galaxies with deep neural networks}",
      journal = {Astronomy and Computing},
     keywords = {Merging galaxies, Cosmology, Deep learning, Convolutional neural networks, Astrophysics - Astrophysics of Galaxies, Astrophysics - Instrumentation and Methods for Astrophysics, Computer Science - Computer Vision and Pattern Recognition},
         year = 2020,
        month = jul,
       volume = {32},
          eid = {100390},
        pages = {100390},
          doi = {10.1016/j.ascom.2020.100390},
archivePrefix = {arXiv},
       eprint = {2004.11981},
 primaryClass = {astro-ph.GA},
       adsurl = {https://ui.adsabs.harvard.edu/abs/2020A&C....3200390C},
      adsnote = {Provided by the SAO/NASA Astrophysics Data System}
}

@ARTICLE{merge_21,
       author = {{{\'C}iprijanovi{\'c}}, A. and {Kafkes}, D. and {Downey}, K. and {Jenkins}, S. and {Perdue}, G.~N. and {Madireddy}, S. and {Johnston}, T. and {Snyder}, G.~F. and {Nord}, B.},
        title = "{DeepMerge - II. Building robust deep learning algorithms for merging galaxy identification across domains}",
      journal = {\mnras},
     keywords = {methods: data analysis, techniques: image processing, galaxies: evolution, galaxies: interactions, Astrophysics - Instrumentation and Methods for Astrophysics, Astrophysics - Astrophysics of Galaxies, Computer Science - Artificial Intelligence, Computer Science - Computer Vision and Pattern Recognition, Computer Science - Machine Learning},
         year = 2021,
        month = sep,
       volume = {506},
       number = {1},
        pages = {677-691},
          doi = {10.1093/mnras/stab1677},
archivePrefix = {arXiv},
       eprint = {2103.01373},
 primaryClass = {astro-ph.IM},
       adsurl = {https://ui.adsabs.harvard.edu/abs/2021MNRAS.506..677C},
      adsnote = {Provided by the SAO/NASA Astrophysics Data System}
}

@ARTICLE{kauffmann03,
       author = {{Kauffmann}, Guinevere and {Heckman}, Timothy M. and {White}, Simon D.~M. and {Charlot}, St{\'e}phane and {Tremonti}, Christy and {Brinchmann}, Jarle and {Bruzual}, Gustavo and {Peng}, Eric W. and {Seibert}, Mark and {Bernardi}, Mariangela and {Blanton}, Michael and {Brinkmann}, Jon and {Castander}, Francisco and {Cs{\'a}bai}, Istvan and {Fukugita}, Masataka and {Ivezic}, Zeljko and {Munn}, Jeffrey A. and {Nichol}, Robert C. and {Padmanabhan}, Nikhil and {Thakar}, Aniruddha R. and {Weinberg}, David H. and {York}, Donald},
        title = "{Stellar masses and star formation histories for {}10$^{5}$ galaxies from the Sloan Digital Sky Survey}",
      journal = {\mnras},
     keywords = {galaxies: evolution, galaxies: formation, galaxies: stellar content, Astrophysics},
         year = 2003,
        month = may,
       volume = {341},
       number = {1},
        pages = {33-53},
          doi = {10.1046/j.1365-8711.2003.06291.x},
archivePrefix = {arXiv},
       eprint = {astro-ph/0204055},
 primaryClass = {astro-ph},
       adsurl = {https://ui.adsabs.harvard.edu/abs/2003MNRAS.341...33K},
      adsnote = {Provided by the SAO/NASA Astrophysics Data System}
}

@ARTICLE{ross08,
    author = {{Ross}, D.A. and {Lim}, J. and {Lin}, RS. and {et al.}},
    title="{Incremental Learning for Robust Visual Tracking.}",
    journal = {Int J Comput Vis},
    volumne = {77}, 
    pages = {125–141},
    year = 2008,
    doi = {https://doi.org/10.1007/s11263-007-0075-7}
    }



@ARTICLE{scudder12,
       author = {{Scudder}, Jillian M. and {Ellison}, Sara L. and {Torrey}, Paul and {Patton}, David R. and {Mendel}, J. Trevor},
        title = "{Galaxy pairs in the Sloan Digital Sky Survey - V. Tracing changes in star formation rate and metallicity out to separations of 80 kpc}",
      journal = {\mnras},
     keywords = {galaxies: abundances, galaxies: interactions, galaxies: star formation, Astrophysics - Cosmology and Nongalactic Astrophysics},
         year = 2012,
        month = oct,
       volume = {426},
       number = {1},
        pages = {549-565},
          doi = {10.1111/j.1365-2966.2012.21749.x},
archivePrefix = {arXiv},
       eprint = {1207.4791},
 primaryClass = {astro-ph.CO},
       adsurl = {https://ui.adsabs.harvard.edu/abs/2012MNRAS.426..549S},
      adsnote = {Provided by the SAO/NASA Astrophysics Data System}
}

@ARTICLE{oshea15,
       author = {{O'Shea}, Keiron and {Nash}, Ryan},
        title = "{An Introduction to Convolutional Neural Networks}",
      journal = {arXiv e-prints},
     keywords = {Computer Science - Neural and Evolutionary Computing, Computer Science - Computer Vision and Pattern Recognition, Computer Science - Machine Learning},
         year = 2015,
        month = nov,
          eid = {arXiv:1511.08458},
        pages = {arXiv:1511.08458},
archivePrefix = {arXiv},
       eprint = {1511.08458},
 primaryClass = {cs.NE},
       adsurl = {https://ui.adsabs.harvard.edu/abs/2015arXiv151108458O},
      adsnote = {Provided by the SAO/NASA Astrophysics Data System}
}

@ARTICLE{vandokkum05,
       author = {{van Dokkum}, Pieter G.},
        title = "{The Recent and Continuing Assembly of Field Elliptical Galaxies by Red Mergers}",
      journal = {\aj},
     keywords = {Galaxies: Elliptical and Lenticular, cD, Galaxies: Evolution, Galaxies: Formation, Astrophysics},
         year = 2005,
        month = dec,
       volume = {130},
       number = {6},
        pages = {2647-2665},
          doi = {10.1086/497593},
archivePrefix = {arXiv},
       eprint = {astro-ph/0506661},
 primaryClass = {astro-ph},
       adsurl = {https://ui.adsabs.harvard.edu/abs/2005AJ....130.2647V},
      adsnote = {Provided by the SAO/NASA Astrophysics Data System}
}



@ARTICLE{springel05,
       author = {{Springel}, Volker and {White}, Simon D.~M. and {Jenkins}, Adrian and {Frenk}, Carlos S. and {Yoshida}, Naoki and {Gao}, Liang and {Navarro}, Julio and {Thacker}, Robert and {Croton}, Darren and {Helly}, John and {Peacock}, John A. and {Cole}, Shaun and {Thomas}, Peter and {Couchman}, Hugh and {Evrard}, August and {Colberg}, J{\"o}rg and {Pearce}, Frazer},
        title = "{Simulations of the formation, evolution and clustering of galaxies and quasars}",
      journal = {\nat},
     keywords = {Astrophysics},
         year = 2005,
        month = jun,
       volume = {435},
       number = {7042},
        pages = {629-636},
          doi = {10.1038/nature03597},
archivePrefix = {arXiv},
       eprint = {astro-ph/0504097},
 primaryClass = {astro-ph},
       adsurl = {https://ui.adsabs.harvard.edu/abs/2005Natur.435..629S},
      adsnote = {Provided by the SAO/NASA Astrophysics Data System}
}

@ARTICLE{walmsley22,
       author = {{Walmsley}, Mike and {Lintott}, Chris and {G{\'e}ron}, Tobias and {Kruk}, Sandor and {Krawczyk}, Coleman and {Willett}, Kyle W. and {Bamford}, Steven and {Kelvin}, Lee S. and {Fortson}, Lucy and {Gal}, Yarin and {Keel}, William and {Masters}, Karen L. and {Mehta}, Vihang and {Simmons}, Brooke D. and {Smethurst}, Rebecca and {Smith}, Lewis and {Baeten}, Elisabeth M. and {Macmillan}, Christine},
        title = "{Galaxy Zoo DECaLS: Detailed visual morphology measurements from volunteers and deep learning for 314 000 galaxies}",
      journal = {\mnras},
     keywords = {methods: data analysis, galaxies: bar, galaxies: general, galaxies: interactions, Astrophysics - Astrophysics of Galaxies, Computer Science - Computer Vision and Pattern Recognition},
         year = 2022,
        month = jan,
       volume = {509},
       number = {3},
        pages = {3966-3988},
          doi = {10.1093/mnras/stab2093},
archivePrefix = {arXiv},
       eprint = {2102.08414},
 primaryClass = {astro-ph.GA},
       adsurl = {https://ui.adsabs.harvard.edu/abs/2022MNRAS.509.3966W},
      adsnote = {Provided by the SAO/NASA Astrophysics Data System}
}

@ARTICLE{walmsley22b,
       author = {{Walmsley}, Mike and {Scaife}, Anna M.~M. and {Lintott}, Chris and {Lochner}, Michelle and {Etsebeth}, Verlon and {G{\'e}ron}, Tobias and {Dickinson}, Hugh and {Fortson}, Lucy and {Kruk}, Sandor and {Masters}, Karen L. and {Mantha}, Kameswara Bharadwaj and {Simmons}, Brooke D.},
        title = "{Practical galaxy morphology tools from deep supervised representation learning}",
      journal = {\mnras},
     keywords = {methods: data analysis, software: data analysis, software: public release, galaxies: evolution, galaxies: general, Astrophysics - Astrophysics of Galaxies, Computer Science - Computer Vision and Pattern Recognition},
         year = 2022,
        month = jun,
       volume = {513},
       number = {2},
        pages = {1581-1599},
          doi = {10.1093/mnras/stac525},
archivePrefix = {arXiv},
       eprint = {2110.12735},
 primaryClass = {astro-ph.GA},
       adsurl = {https://ui.adsabs.harvard.edu/abs/2022MNRAS.513.1581W},
      adsnote = {Provided by the SAO/NASA Astrophysics Data System}
}

@ARTICLE{whitmore_16,
       author = {{Whitmore}, Bradley C. and {Allam}, Sahar S. and {Budav{\'a}ri}, Tam{\'a}s and {Casertano}, Stefano and {Downes}, Ronald A. and {Donaldson}, Thomas and {Fall}, S. Michael and {Lubow}, Stephen H. and {Quick}, Lee and {Strolger}, Louis-Gregory and {Wallace}, Geoff and {White}, Richard L.},
        title = "{Version 1 of the Hubble Source Catalog}",
      journal = {\aj},
     keywords = {astrometry, catalogs, techniques: photometric, virtual observatory tools, Astrophysics - Instrumentation and Methods for Astrophysics},
         year = 2016,
        month = jun,
       volume = {151},
       number = {6},
          eid = {134},
        pages = {134},
          doi = {10.3847/0004-6256/151/6/134},
archivePrefix = {arXiv},
       eprint = {1602.04861},
 primaryClass = {astro-ph.IM},
       adsurl = {https://ui.adsabs.harvard.edu/abs/2016AJ....151..134W},
      adsnote = {Provided by the SAO/NASA Astrophysics Data System}
}

@ARTICLE{vv_cat,
       author = {{Vorontsov-Velyaminov}, B.~A.},
        title = "{Atlas i Katalog Vzaimodejstvu{\^u}{\v{s}}ih Galakatik I.Atlas i Katalog Vzaimodejstvu{\^u}{\v{s}}ih Galakatik I.Atlas and catalog of interacting galaxies. 1959, Sternberg Institute, Moscow State University.}",
      journal = {Atlas and Catalog of Interacting Galaxies},
     keywords = {Interacting Galaxies},
         year = 1959,
        month = jan,
        pages = {0},
       adsurl = {https://ui.adsabs.harvard.edu/abs/1959VV....C......0V},
      adsnote = {Provided by the SAO/NASA Astrophysics Data System}
}

@ARTICLE{vv_catb,
       author = {{Vorontsov-Velyaminov}, B.~A.},
        title = "{Atlas of interacting galaxies, part II and the concept of fragmentation of galaxies.}",
      journal = {\aaps},
         year = 1977,
        month = apr,
       volume = {28},
        pages = {1-117},
       adsurl = {https://ui.adsabs.harvard.edu/abs/1977A&AS...28....1V},
      adsnote = {Provided by the SAO/NASA Astrophysics Data System}
}


@ARTICLE{springel00,
       author = {{Springel}, Volker},
        title = "{Modelling star formation and feedback in simulations of interacting galaxies}",
      journal = {\mnras},
     keywords = {METHODS: NUMERICAL, GALAXIES: EVOLUTION, GALAXIES: INTERACTIONS, GALAXIES: STARBURST},
         year = 2000,
        month = mar,
       volume = {312},
       number = {4},
        pages = {859-879},
          doi = {10.1046/j.1365-8711.2000.03187.x},
       adsurl = {https://ui.adsabs.harvard.edu/abs/2000MNRAS.312..859S},
      adsnote = {Provided by the SAO/NASA Astrophysics Data System}
}

@ARTICLE{simbad,
       author = {{Wenger}, M. and {Ochsenbein}, F. and {Egret}, D. and {Dubois}, P. and {Bonnarel}, F. and {Borde}, S. and {Genova}, F. and {Jasniewicz}, G. and {Lalo{\"e}}, S. and {Lesteven}, S. and {Monier}, R.},
        title = "{The SIMBAD astronomical database. The CDS reference database for astronomical objects}",
      journal = {\aaps},
     keywords = {ASTRONOMICAL DATA BASES: MISCELLANEOUS, CATALOGS, Astrophysics},
         year = 2000,
        month = apr,
       volume = {143},
        pages = {9-22},
          doi = {10.1051/aas:2000332},
archivePrefix = {arXiv},
       eprint = {astro-ph/0002110},
 primaryClass = {astro-ph},
       adsurl = {https://ui.adsabs.harvard.edu/abs/2000A&AS..143....9W},
      adsnote = {Provided by the SAO/NASA Astrophysics Data System}
}

@ARTICLE{Merin_17,
       author = {{Mer{\'\i}n}, Bruno and {Giordano}, Fabrizio and {Norman}, Henrik and {Racero}, Elena and {Baines}, Deborah and {Salgado}, Jes{\'u}s and {L{\'o}pez Mart{\'\i}}, Bel{\'e}n and {Alberola}, Sara and {L{\'o}pez Caniego}, Marcos and {Valtchanov}, Ivan and {de Marchi}, Guido and {Arviset}, Christophe},
        title = "{ESASky v.2.0: all the skies in your browser}",
      journal = {arXiv e-prints},
     keywords = {Astrophysics - Instrumentation and Methods for Astrophysics},
         year = 2017,
        month = dec,
          eid = {arXiv:1712.04114},
        pages = {arXiv:1712.04114},
archivePrefix = {arXiv},
       eprint = {1712.04114},
 primaryClass = {astro-ph.IM},
       adsurl = {https://ui.adsabs.harvard.edu/abs/2017arXiv171204114M},
      adsnote = {Provided by the SAO/NASA Astrophysics Data System}
}


@ARTICLE{mihos96,
       author = {{Mihos}, J. Christopher and {Hernquist}, Lars},
        title = "{Gasdynamics and Starbursts in Major Mergers}",
      journal = {\apj},
     keywords = {GALAXIES: ACTIVE, GALAXIES: INTERACTIONS, GALAXIES: STARBURST, GALAXIES: STRUCTURE, METHODS: NUMERICAL, Astrophysics},
         year = 1996,
        month = jun,
       volume = {464},
        pages = {641},
          doi = {10.1086/177353},
archivePrefix = {arXiv},
       eprint = {astro-ph/9512099},
 primaryClass = {astro-ph},
       adsurl = {https://ui.adsabs.harvard.edu/abs/1996ApJ...464..641M},
      adsnote = {Provided by the SAO/NASA Astrophysics Data System}
}

@ARTICLE{morganti04,
       author = {{Morganti}, R. and {Garrett}, M.~A. and {Chapman}, S. and {Baan}, W. and {Helou}, G. and {Soifer}, T.},
        title = "{A deep WSRT 1.4 GHz radio survey of the Spitzer Space  Telescope FLSv region}",
      journal = {\aap},
     keywords = {catalogs, galaxies: active, galaxies: starburst, infrared: galaxies, radio continuum: galaxies, surveys, Astrophysics},
         year = 2004,
        month = sep,
       volume = {424},
        pages = {371-378},
          doi = {10.1051/0004-6361:20040266},
archivePrefix = {arXiv},
       eprint = {astro-ph/0405418},
 primaryClass = {astro-ph},
       adsurl = {https://ui.adsabs.harvard.edu/abs/2004A&A...424..371M},
      adsnote = {Provided by the SAO/NASA Astrophysics Data System}
}



@ARTICLE{Saitoh09,
       author = {{Saitoh}, Takayuki R. and {Daisaka}, Hiroshi and {Kokubo}, Eiichiro and {Makino}, Junichiro and {Okamoto}, Takashi and {Tomisaka}, Kohji and {Wada}, Keiichi and {Yoshida}, Naoki},
        title = "{Toward First-Principle Simulations of Galaxy Formation: II. Shock-Induced Starburst at a Collision Interface during the First Encounter of Interacting Galaxies}",
      journal = {\pasj},
     keywords = {galaxies: ISM, galaxies: starburst, ISM: structure, method: numerical, Astrophysics},
         year = 2009,
        month = jun,
       volume = {61},
        pages = {481},
          doi = {10.1093/pasj/61.3.481},
archivePrefix = {arXiv},
       eprint = {0805.0167},
 primaryClass = {astro-ph},
       adsurl = {https://ui.adsabs.harvard.edu/abs/2009PASJ...61..481S},
      adsnote = {Provided by the SAO/NASA Astrophysics Data System}
}

@ARTICLE{moreno21,
       author = {{Moreno}, Jorge and {Torrey}, Paul and {Ellison}, Sara L. and {Patton}, David R. and {Bottrell}, Connor and {Bluck}, Asa F.~L. and {Hani}, Maan H. and {Hayward}, Christopher C. and {Bullock}, James S. and {Hopkins}, Philip F. and {Hernquist}, Lars},
        title = "{Spatially resolved star formation and fuelling in galaxy interactions}",
      journal = {\mnras},
     keywords = {methods: numerical, ISM: structure, galaxies: evolution, galaxies: interactions, galaxies: starburst, galaxies: star formation, Astrophysics - Astrophysics of Galaxies, Astrophysics - Cosmology and Nongalactic Astrophysics},
         year = 2021,
        month = may,
       volume = {503},
       number = {3},
        pages = {3113-3133},
          doi = {10.1093/mnras/staa2952},
archivePrefix = {arXiv},
       eprint = {2009.11289},
 primaryClass = {astro-ph.GA},
       adsurl = {https://ui.adsabs.harvard.edu/abs/2021MNRAS.503.3113M},
      adsnote = {Provided by the SAO/NASA Astrophysics Data System}
}

@ARTICLE{toomre72,
       author = {{Toomre}, Alar and {Toomre}, Juri},
        title = "{Galactic Bridges and Tails}",
      journal = {\apj},
         year = 1972,
        month = dec,
       volume = {178},
        pages = {623-666},
          doi = {10.1086/151823},
       adsurl = {https://ui.adsabs.harvard.edu/abs/1972ApJ...178..623T},
      adsnote = {Provided by the SAO/NASA Astrophysics Data System}
}

@ARTICLE{holincheck16,
       author = {{Holincheck}, Anthony J. and {Wallin}, John F. and {Borne}, Kirk and {Fortson}, Lucy and {Lintott}, Chris and {Smith}, Arfon M. and {Bamford}, Steven and {Keel}, William C. and {Parrish}, Michael},
        title = "{Galaxy Zoo: Mergers - Dynamical models of interacting galaxies}",
      journal = {\mnras},
     keywords = {methods: numerical, galaxies: interactions, galaxies: kinematics and dynamics, galaxies: peculiar, Astrophysics - Astrophysics of Galaxies},
         year = 2016,
        month = jun,
       volume = {459},
       number = {1},
        pages = {720-745},
          doi = {10.1093/mnras/stw649},
archivePrefix = {arXiv},
       eprint = {1604.00435},
 primaryClass = {astro-ph.GA},
       adsurl = {https://ui.adsabs.harvard.edu/abs/2016MNRAS.459..720H},
      adsnote = {Provided by the SAO/NASA Astrophysics Data System}
}

@ARTICLE{hernandez05,
       author = {{Hern{\'a}ndez-Toledo}, H.~M. and {Avila-Reese}, V. and {Conselice}, C.~J. and {Puerari}, I.},
        title = "{The Structural Properties of Isolated Galaxies, Spiral-Spiral Pairs, and Mergers: The Robustness of Galaxy Morphology during Secular Evolution}",
      journal = {\aj},
     keywords = {Galaxies: Fundamental Parameters, Galaxies: General, Galaxies: Interactions, Galaxies: Photometry, Galaxies: Spiral, Galaxies: Structure, Astrophysics},
         year = 2005,
        month = feb,
       volume = {129},
       number = {2},
        pages = {682-697},
          doi = {10.1086/427134},
archivePrefix = {arXiv},
       eprint = {astro-ph/0410722},
 primaryClass = {astro-ph},
       adsurl = {https://ui.adsabs.harvard.edu/abs/2005AJ....129..682H},
      adsnote = {Provided by the SAO/NASA Astrophysics Data System}
}

@ARTICLE{hani20,
       author = {{Hani}, Maan H. and {Gosain}, Hayman and {Ellison}, Sara L. and {Patton}, David R. and {Torrey}, Paul},
        title = "{Interacting galaxies in the IllustrisTNG simulations - II: star formation in the post-merger stage}",
      journal = {\mnras},
     keywords = {methods: numerical, galaxies: evolution, galaxies: interactions, galaxies: star formation, Astrophysics - Astrophysics of Galaxies},
         year = 2020,
        month = apr,
       volume = {493},
       number = {3},
        pages = {3716-3731},
          doi = {10.1093/mnras/staa459},
archivePrefix = {arXiv},
       eprint = {2001.04472},
 primaryClass = {astro-ph.GA},
       adsurl = {https://ui.adsabs.harvard.edu/abs/2020MNRAS.493.3716H},
      adsnote = {Provided by the SAO/NASA Astrophysics Data System}
}

@ARTICLE{hopkins13,
       author = {{Hopkins}, Philip F. and {Cox}, Thomas J. and {Hernquist}, Lars and {Narayanan}, Desika and {Hayward}, Christopher C. and {Murray}, Norman},
        title = "{Star formation in galaxy mergers with realistic models of stellar feedback and the interstellar medium}",
      journal = {\mnras},
     keywords = {galaxies: active, galaxies: evolution, galaxies: formation, galaxies: star formation, cosmology: theory, Astrophysics - Cosmology and Extragalactic Astrophysics, Astrophysics - Galaxy Astrophysics, Astrophysics - High Energy Astrophysical Phenomena, Astrophysics - Solar and Stellar Astrophysics},
         year = 2013,
        month = apr,
       volume = {430},
       number = {3},
        pages = {1901-1927},
          doi = {10.1093/mnras/stt017},
archivePrefix = {arXiv},
       eprint = {1206.0011},
 primaryClass = {astro-ph.CO},
       adsurl = {https://ui.adsabs.harvard.edu/abs/2013MNRAS.430.1901H},
      adsnote = {Provided by the SAO/NASA Astrophysics Data System}
}

@ARTICLE{bower06,
       author = {{Bower}, R.~G. and {Benson}, A.~J. and {Malbon}, R. and {Helly}, J.~C. and {Frenk}, C.~S. and {Baugh}, C.~M. and {Cole}, S. and {Lacey}, C.~G.},
        title = "{Breaking the hierarchy of galaxy formation}",
      journal = {\mnras},
     keywords = {galaxies: evolution: galaxies: formation: galaxies: luminosity function, galaxies: evolution, galaxies: formation, galaxies: luminosity function, Astrophysics},
         year = 2006,
        month = aug,
       volume = {370},
       number = {2},
        pages = {645-655},
          doi = {10.1111/j.1365-2966.2006.10519.x},
archivePrefix = {arXiv},
       eprint = {astro-ph/0511338},
 primaryClass = {astro-ph},
       adsurl = {https://ui.adsabs.harvard.edu/abs/2006MNRAS.370..645B},
      adsnote = {Provided by the SAO/NASA Astrophysics Data System}
}

@ARTICLE{source_extractor,
       author = {{Bertin}, E. and {Arnouts}, S.},
        title = "{SExtractor: Software for source extraction.}",
      journal = {\aaps},
     keywords = {METHODS: DATA ANALYSIS, TECHNIQUES: IMAGE PROCESSING, GALAXIES: PHOTOMETRY},
         year = 1996,
        month = jun,
       volume = {117},
        pages = {393-404},
          doi = {10.1051/aas:1996164},
       adsurl = {https://ui.adsabs.harvard.edu/abs/1996A&AS..117..393B},
      adsnote = {Provided by the SAO/NASA Astrophysics Data System}
}

@ARTICLE{matplotlib,
       author = {{Hunter}, John D.},
        title = "{Matplotlib: A 2D Graphics Environment}",
      journal = {Computing in Science and Engineering},
     keywords = {Python, Scripting languages, Application development, Scientific programming},
         year = 2007,
        month = may,
       volume = {9},
       number = {3},
        pages = {90-95},
          doi = {10.1109/MCSE.2007.55},
       adsurl = {https://ui.adsabs.harvard.edu/abs/2007CSE.....9...90H},
      adsnote = {Provided by the SAO/NASA Astrophysics Data System}
}

@ARTICLE{scikitlearn,
       author = {{Pedregosa}, Fabian and {Varoquaux}, Ga{\"e}l and {Gramfort}, Alexandre and {Michel}, Vincent and {Thirion}, Bertrand and {Grisel}, Olivier and {Blondel}, Mathieu and {M{\"u}ller}, Andreas and {Nothman}, Joel and {Louppe}, Gilles and {Prettenhofer}, Peter and {Weiss}, Ron and {Dubourg}, Vincent and {Vanderplas}, Jake and {Passos}, Alexandre and {Cournapeau}, David and {Brucher}, Matthieu and {Perrot}, Matthieu and {Duchesnay}, {\'E}douard},
        title = "{Scikit-learn: Machine Learning in Python}",
      journal = {arXiv e-prints},
     keywords = {Computer Science - Machine Learning, Computer Science - Mathematical Software},
         year = 2012,
        month = jan,
          eid = {arXiv:1201.0490},
        pages = {arXiv:1201.0490},
archivePrefix = {arXiv},
       eprint = {1201.0490},
 primaryClass = {cs.LG},
       adsurl = {https://ui.adsabs.harvard.edu/abs/2012arXiv1201.0490P},
      adsnote = {Provided by the SAO/NASA Astrophysics Data System}
}

@ARTICLE{scikitimage,
       author = {{van der Walt}, Stefan and {Sch{\"o}nberger}, Johannes L. and {Nunez-Iglesias}, Juan and {Boulogne}, Fran{\c{c}}ois and {Warner}, Joshua D. and {Yager}, Neil and {Gouillart}, Emmanuelle and {Yu}, Tony and {scikit-image Contributors}},
        title = "{scikit-image: Image processing in Python}",
      journal = {PeerJ},
     keywords = {Computer Science - Mathematical Software, Computer Science - Computer Vision and Pattern Recognition},
         year = 2014,
        month = jan,
       volume = {2},
          eid = {e453},
        pages = {e453},
          doi = {10.7717/peerj.453},
archivePrefix = {arXiv},
       eprint = {1407.6245},
 primaryClass = {cs.MS},
       adsurl = {https://ui.adsabs.harvard.edu/abs/2014PeerJ...2..453V},
      adsnote = {Provided by the SAO/NASA Astrophysics Data System}
}

@ARTICLE{pandas,
       author = {{McKinney}, W.},
        title = "{Data Structures for Statistical Computing in Python}",
         year = 2010,
         journal = {\url{https://conference.scipy.org/proceedings/scipy2010/pdfs/mckinney.pdf}}
}

@ARTICLE{tensorflow,
       author = {{Abadi}, Mart{\'\i}n and {Barham}, Paul and {Chen}, Jianmin and {Chen}, Zhifeng and {Davis}, Andy and {Dean}, Jeffrey and {Devin}, Matthieu and {Ghemawat}, Sanjay and {Irving}, Geoffrey and {Isard}, Michael and {Kudlur}, Manjunath and {Levenberg}, Josh and {Monga}, Rajat and {Moore}, Sherry and {Murray}, Derek G. and {Steiner}, Benoit and {Tucker}, Paul and {Vasudevan}, Vijay and {Warden}, Pete and {Wicke}, Martin and {Yu}, Yuan and {Zheng}, Xiaoqiang},
        title = "{TensorFlow: A system for large-scale machine learning}",
      journal = {arXiv e-prints},
     keywords = {Computer Science - Distributed, Parallel, and Cluster Computing, Computer Science - Artificial Intelligence},
         year = 2016,
        month = may,
          eid = {arXiv:1605.08695},
        pages = {arXiv:1605.08695},
archivePrefix = {arXiv},
       eprint = {1605.08695},
 primaryClass = {cs.DC},
       adsurl = {https://ui.adsabs.harvard.edu/abs/2016arXiv160508695A},
      adsnote = {Provided by the SAO/NASA Astrophysics Data System}
}

@Article{         numpy,
 title         = {Array programming with {NumPy}},
 author        = {Charles R. Harris and K. Jarrod Millman and St{\'{e}}fan J.
                 van der Walt and Ralf Gommers and Pauli Virtanen and David
                 Cournapeau and Eric Wieser and Julian Taylor and Sebastian
                 Berg and Nathaniel J. Smith and Robert Kern and Matti Picus
                 and Stephan Hoyer and Marten H. van Kerkwijk and Matthew
                 Brett and Allan Haldane and Jaime Fern{\'{a}}ndez del
                 R{\'{i}}o and Mark Wiebe and Pearu Peterson and Pierre
                 G{\'{e}}rard-Marchant and Kevin Sheppard and Tyler Reddy and
                 Warren Weckesser and Hameer Abbasi and Christoph Gohlke and
                 Travis E. Oliphant},
 year          = {2020},
 month         = sep,
 journal       = {Nature},
 volume        = {585},
 number        = {7825},
 pages         = {357--362},
 doi           = {10.1038/s41586-020-2649-2},
 publisher     = {Springer Science and Business Media {LLC}},
 url           = {https://doi.org/10.1038/s41586-020-2649-2}
}

@Misc{shapely,
  author = {Sean Gillies and others},
  organization = {toblerity.org},
  title = {Shapely: manipulation and analysis of geometric objects},
  year =  {2007},
  url = "https://github.com/Toblerity/Shapely"
}

@ARTICLE{umap,
       author = {{McInnes}, Leland and {Healy}, John and {Melville}, James},
        title = "{UMAP: Uniform Manifold Approximation and Projection for Dimension Reduction}",
      journal = {arXiv e-prints},
     keywords = {Statistics - Machine Learning, Computer Science - Computational Geometry, Computer Science - Machine Learning},
         year = 2018,
        month = feb,
          eid = {arXiv:1802.03426},
        pages = {arXiv:1802.03426},
archivePrefix = {arXiv},
       eprint = {1802.03426},
 primaryClass = {stat.ML},
       adsurl = {https://ui.adsabs.harvard.edu/abs/2018arXiv180203426M},
      adsnote = {Provided by the SAO/NASA Astrophysics Data System}
}

@ARTICLE{lupton_04,
       author = {{Lupton}, Robert and {Blanton}, Michael R. and {Fekete}, George and {Hogg}, David W. and {O'Mullane}, Wil and {Szalay}, Alex and {Wherry}, Nicholas},
        title = "{Preparing Red-Green-Blue Images from CCD Data}",
      journal = {\pasp},
     keywords = {Techniques: Image Processing, Techniques: Photometric, Astrophysics},
         year = 2004,
        month = feb,
       volume = {116},
       number = {816},
        pages = {133-137},
          doi = {10.1086/382245},
archivePrefix = {arXiv},
       eprint = {astro-ph/0312483},
 primaryClass = {astro-ph},
       adsurl = {https://ui.adsabs.harvard.edu/abs/2004PASP..116..133L},
      adsnote = {Provided by the SAO/NASA Astrophysics Data System}
}



############################################################ PI References for Observations! #################################################
@ARTICLE{Rejkuba_05,
       author = {{Rejkuba}, Marina and {Greggio}, Laura and {Harris}, William E. and {Harris}, Gretchen L.~H. and {Peng}, Eric W.},
        title = "{Deep ACS Imaging of the Halo of NGC 5128: Reaching the Horizontal Branch}",
      journal = {\apj},
     keywords = {Galaxies: Elliptical and Lenticular, cD, Galaxies: Individual: NGC Number: NGC 5128, Galaxies: Stellar Content, Stars: Fundamental Parameters, Astrophysics},
         year = 2005,
        month = sep,
       volume = {631},
       number = {1},
        pages = {262-279},
          doi = {10.1086/432462},
archivePrefix = {arXiv},
       eprint = {astro-ph/0505622},
 primaryClass = {astro-ph},
       adsurl = {https://ui.adsabs.harvard.edu/abs/2005ApJ...631..262R},
      adsnote = {Provided by the SAO/NASA Astrophysics Data System}
}

@ARTICLE{Keel06,
       author = {{Keel}, William C. and {White}, Raymond E., III and {Owen}, Frazer N. and {Ledlow}, Michael J.},
        title = "{The Spiral Host Galaxy of the Double Radio Source 0313-192}",
      journal = {\aj},
     keywords = {Galaxies: Active, galaxies: individual ([OL97] 0313-192), Galaxies: Spiral, Astrophysics},
         year = 2006,
        month = dec,
       volume = {132},
       number = {6},
        pages = {2233-2242},
          doi = {10.1086/508340},
archivePrefix = {arXiv},
       eprint = {astro-ph/0608086},
 primaryClass = {astro-ph},
       adsurl = {https://ui.adsabs.harvard.edu/abs/2006AJ....132.2233K},
      adsnote = {Provided by the SAO/NASA Astrophysics Data System}
}

@ARTICLE{goudfrooij04,
       author = {{Goudfrooij}, Paul and {Gilmore}, Diane and {Whitmore}, Bradley C. and {Schweizer}, Fran{\c{c}}ois},
        title = "{Deep Luminosity Functions of Old and Intermediate-Age Globular Clusters in NGC 1316: Evidence for Dynamical Evolution of Second-Generation Globular Clusters}",
      journal = {\apjl},
     keywords = {Galaxies: Elliptical and Lenticular, cD, Galaxies: Individual: NGC Number: NGC 1316, Galaxies: Interactions, Galaxies: Star Clusters, Astrophysics},
         year = 2004,
        month = oct,
       volume = {613},
       number = {2},
        pages = {L121-L124},
          doi = {10.1086/425071},
archivePrefix = {arXiv},
       eprint = {astro-ph/0408085},
 primaryClass = {astro-ph},
       adsurl = {https://ui.adsabs.harvard.edu/abs/2004ApJ...613L.121G},
      adsnote = {Provided by the SAO/NASA Astrophysics Data System}
}

@INPROCEEDINGS{gregg17,
       author = {{Gregg}, Michael and {West}, Michael},
        title = "{Observing RAM Pressure Stripping and Morphological Transformation in the Coma Cluster}",
     keywords = {Zenodo community gcf2017},
    booktitle = {Early stages of Galaxy Cluster Formation},
         year = 2017,
        month = jul,
          eid = {13},
        pages = {13},
          doi = {10.5281/zenodo.831767},
       adsurl = {https://ui.adsabs.harvard.edu/abs/2017gcf..confE..13G},
      adsnote = {Provided by the SAO/NASA Astrophysics Data System}
}

@ARTICLE{york05,
       author = {{York}, T. and {Jackson}, N. and {Browne}, I.~W.~A. and {Wucknitz}, O. and {Skelton}, J.~E.},
        title = "{The Hubble constant from the gravitational lens CLASS B0218+357 using the Advanced Camera for Surveys}",
      journal = {\mnras},
     keywords = {gravitational lensing, distance scale, Astrophysics},
         year = 2005,
        month = feb,
       volume = {357},
       number = {1},
        pages = {124-134},
          doi = {10.1111/j.1365-2966.2004.08618.x},
archivePrefix = {arXiv},
       eprint = {astro-ph/0405115},
 primaryClass = {astro-ph},
       adsurl = {https://ui.adsabs.harvard.edu/abs/2005MNRAS.357..124Y},
      adsnote = {Provided by the SAO/NASA Astrophysics Data System}
}

@ARTICLE{brown03,
       author = {{Brown}, Thomas M. and {Ferguson}, Henry C. and {Smith}, Ed and {Kimble}, Randy A. and {Sweigart}, Allen V. and {Renzini}, Alvio and {Rich}, R. Michael and {VandenBerg}, Don A.},
        title = "{Evidence of a Significant Intermediate-Age Population in the M31 Halo from Main-Sequence Photometry}",
      journal = {\apjl},
     keywords = {Galaxies: Evolution, Galaxies: Halos, Galaxies: Individual: Messier Number: M31, Galaxies: Stellar Content, Astrophysics},
         year = 2003,
        month = jul,
       volume = {592},
       number = {1},
        pages = {L17-L20},
          doi = {10.1086/376935},
archivePrefix = {arXiv},
       eprint = {astro-ph/0305318},
 primaryClass = {astro-ph},
       adsurl = {https://ui.adsabs.harvard.edu/abs/2003ApJ...592L..17B},
      adsnote = {Provided by the SAO/NASA Astrophysics Data System}
}

@ARTICLE{raghvendra07,
       author = {{Sahai}, Raghvendra and {Morris}, Mark and {S{\'a}nchez Contreras}, Carmen and {Claussen}, Mark},
        title = "{Preplanetary Nebulae: A Hubble Space Telescope Imaging Survey and a New Morphological Classification System}",
      journal = {\aj},
     keywords = {circumstellar matter, planetary nebulae: general, stars: AGB and post-AGB, stars: mass loss, Astrophysics},
         year = 2007,
        month = dec,
       volume = {134},
       number = {6},
        pages = {2200-2225},
          doi = {10.1086/522944},
archivePrefix = {arXiv},
       eprint = {0707.4662},
 primaryClass = {astro-ph},
       adsurl = {https://ui.adsabs.harvard.edu/abs/2007AJ....134.2200S},
      adsnote = {Provided by the SAO/NASA Astrophysics Data System}
}

@ARTICLE{abramson14,
       author = {{Abramson}, Anne and {Kenney}, Jeffrey D.~P.},
        title = "{Hubble Space Telescope Imaging of Decoupled Dust Clouds in the Ram Pressure Stripped Virgo Spirals NGC 4402 and NGC 4522}",
      journal = {\aj},
     keywords = {galaxies: evolution, galaxies: individual: NGC 4522 NGC 4402, galaxies: interactions, galaxies: ISM, galaxies: spiral, galaxies: structure, Astrophysics - Astrophysics of Galaxies},
         year = 2014,
        month = mar,
       volume = {147},
       number = {3},
          eid = {63},
        pages = {63},
          doi = {10.1088/0004-6256/147/3/63},
archivePrefix = {arXiv},
       eprint = {1401.0023},
 primaryClass = {astro-ph.GA},
       adsurl = {https://ui.adsabs.harvard.edu/abs/2014AJ....147...63A},
      adsnote = {Provided by the SAO/NASA Astrophysics Data System}
}

@ARTICLE{abramson16,
       author = {{Abramson}, A. and {Kenney}, J. and {Crowl}, H. and {Tal}, T.},
        title = "{HST Imaging of Dust Structures and Stars in the Ram Pressure Stripped Virgo Spirals NGC 4402 and NGC 4522: Stripped from the Outside In with Dense Cloud Decoupling}",
      journal = {\aj},
     keywords = {galaxies: evolution, galaxies: individual: NGC 4522, NGC 4402, galaxies: interactions, galaxies: ISM, galaxies: spiral, Astrophysics - Astrophysics of Galaxies},
         year = 2016,
        month = aug,
       volume = {152},
       number = {2},
          eid = {32},
        pages = {32},
          doi = {10.3847/0004-6256/152/2/32},
archivePrefix = {arXiv},
       eprint = {1604.01883},
 primaryClass = {astro-ph.GA},
       adsurl = {https://ui.adsabs.harvard.edu/abs/2016AJ....152...32A},
      adsnote = {Provided by the SAO/NASA Astrophysics Data System}
}

@ARTICLE{kenney15,
       author = {{Kenney}, Jeffrey D.~P. and {Abramson}, Anne and {Bravo-Alfaro}, Hector},
        title = "{Hubble Space Telescope and HI Imaging of Strong Ram Pressure Stripping in the Coma Spiral NGC 4921: Dense Cloud Decoupling and Evidence for Magnetic Binding in the ISM}",
      journal = {\aj},
     keywords = {galaxies: clusters: individual: Coma, galaxies: evolution, galaxies: individual: NGC 4921, galaxies: interactions, galaxies: ISM, ISM: magnetic fields, Astrophysics - Astrophysics of Galaxies},
         year = 2015,
        month = aug,
       volume = {150},
       number = {2},
          eid = {59},
        pages = {59},
          doi = {10.1088/0004-6256/150/2/59},
archivePrefix = {arXiv},
       eprint = {1506.04041},
 primaryClass = {astro-ph.GA},
       adsurl = {https://ui.adsabs.harvard.edu/abs/2015AJ....150...59K},
      adsnote = {Provided by the SAO/NASA Astrophysics Data System}
}

@ARTICLE{Hoekstra11,
       author = {{Hoekstra}, Henk and {Donahue}, Megan and {Conselice}, Christopher J. and {McNamara}, Brian R. and {Voit}, G. Mark},
        title = "{The Mass-L$_{x}$ Relation for Moderate Luminosity X-ray Clusters}",
      journal = {\apj},
     keywords = {cosmology: observations, dark matter, X-rays: galaxies: clusters, Astrophysics - Cosmology and Nongalactic Astrophysics},
         year = 2011,
        month = jan,
       volume = {726},
       number = {1},
          eid = {48},
        pages = {48},
          doi = {10.1088/0004-637X/726/1/48},
archivePrefix = {arXiv},
       eprint = {1011.0549},
 primaryClass = {astro-ph.CO},
       adsurl = {https://ui.adsabs.harvard.edu/abs/2011ApJ...726...48H},
      adsnote = {Provided by the SAO/NASA Astrophysics Data System}
}

@INPROCEEDINGS{trombley06,
       author = {{Trombley}, Christine and {Donahue}, M. and {Bruch}, S. and {Conselice}, C. and {McNamara}, B. and {Hoekstra}, H.},
        title = "{First Results from an HST/ACS Snapshot Survey of Intermediate Redshift, Intermediate X-ray Luminosity Clusters of Galaxies: Early Type Galaxies and Weak Lensing}",
    booktitle = {American Astronomical Society Meeting Abstracts},
         year = 2006,
       series = {American Astronomical Society Meeting Abstracts},
       volume = {209},
        month = dec,
          eid = {77.01},
        pages = {77.01},
       adsurl = {https://ui.adsabs.harvard.edu/abs/2006AAS...209.7701T},
      adsnote = {Provided by the SAO/NASA Astrophysics Data System}
}

@ARTICLE{raghvendra19,
       author = {{Sahai}, Raghvendra},
        title = "{Planetary Nebulae, Morphology and Binarity, and the relevance to AGB Stars}",
      journal = {IAU Symposium},
     keywords = {stars: AGB and post-AGB, instrumentation: High angular resolution, ISM: planetary nebulae:general},
         year = 2019,
        month = dec,
       volume = {343},
        pages = {164-173},
          doi = {10.1017/S1743921319001819},
       adsurl = {https://ui.adsabs.harvard.edu/abs/2019IAUS..343..164S},
      adsnote = {Provided by the SAO/NASA Astrophysics Data System}
}

@ARTICLE{penny09,
       author = {{Penny}, Samantha J. and {Conselice}, Christopher J. and {de Rijcke}, Sven and {Held}, Enrico V.},
        title = "{Hubble Space Telescope survey of the Perseus Cluster - I. The structure and dark matter content of cluster dwarf spheroidals}",
      journal = {\mnras},
     keywords = {galaxies: clusters: general, galaxies: clusters: individual: Perseus Cluster, galaxies: dwarf, Astrophysics},
         year = 2009,
        month = mar,
       volume = {393},
       number = {3},
        pages = {1054-1062},
          doi = {10.1111/j.1365-2966.2008.14269.x},
archivePrefix = {arXiv},
       eprint = {0811.3197},
 primaryClass = {astro-ph},
       adsurl = {https://ui.adsabs.harvard.edu/abs/2009MNRAS.393.1054P},
      adsnote = {Provided by the SAO/NASA Astrophysics Data System}
}

@ARTICLE{maybhate07,
       author = {{Maybhate}, Aparna and {Goudfrooij}, Paul and {Schweizer}, Fran{\c{c}}ois and {Puzia}, Thomas and {Carter}, David},
        title = "{Evidence for Three Subpopulations of Globular Clusters in the Early-Type Poststarburst Shell Galaxy AM 0139-655}",
      journal = {\aj},
     keywords = {galaxies: clusters: general, galaxies: elliptical and lenticular, cD, galaxies: individual: AM 0139-655, galaxies: interactions, galaxies: star clusters, Astrophysics},
         year = 2007,
        month = nov,
       volume = {134},
       number = {5},
        pages = {1729-1739},
          doi = {10.1086/521817},
archivePrefix = {arXiv},
       eprint = {0707.3133},
 primaryClass = {astro-ph},
       adsurl = {https://ui.adsabs.harvard.edu/abs/2007AJ....134.1729M},
      adsnote = {Provided by the SAO/NASA Astrophysics Data System}
}

@ARTICLE{maybhate09,
       author = {{Maybhate}, Aparna and {Goudfrooij}, Paul and {Schweizer}, Fran{\c{c}}ois and {Puzia}, Thomas H. and {Carter}, David},
        title = "{Globular Cluster Populations in Four Early-Type Poststarburst Galaxies}",
      journal = {\aj},
     keywords = {galaxies: elliptical and lenticular, cD, galaxies: individual: PGC6510 PGC10922 PGC42871 PGC6240, galaxies: interactions, galaxies: star clusters, Astrophysics},
         year = 2009,
        month = jan,
       volume = {137},
       number = {1},
        pages = {383-401},
          doi = {10.1088/0004-6256/137/1/383},
archivePrefix = {arXiv},
       eprint = {0810.4621},
 primaryClass = {astro-ph},
       adsurl = {https://ui.adsabs.harvard.edu/abs/2009AJ....137..383M},
      adsnote = {Provided by the SAO/NASA Astrophysics Data System}
}

@ARTICLE{brown06,
       author = {{Brown}, Thomas M. and {Smith}, Ed and {Ferguson}, Henry C. and {Rich}, R. Michael and {Guhathakurta}, Puragra and {Renzini}, Alvio and {Sweigart}, Allen V. and {Kimble}, Randy A.},
        title = "{The Detailed Star Formation History in the Spheroid, Outer Disk, and Tidal Stream of the Andromeda Galaxy}",
      journal = {\apj},
     keywords = {Galaxies: Evolution, Galaxies: Halos, Galaxies: Individual: Messier Number: M31, Galaxies: Spiral, Galaxies: Stellar Content, Astrophysics},
         year = 2006,
        month = nov,
       volume = {652},
       number = {1},
        pages = {323-353},
          doi = {10.1086/508015},
archivePrefix = {arXiv},
       eprint = {astro-ph/0607637},
 primaryClass = {astro-ph},
       adsurl = {https://ui.adsabs.harvard.edu/abs/2006ApJ...652..323B},
      adsnote = {Provided by the SAO/NASA Astrophysics Data System}
}

@ARTICLE{mackey07,
       author = {{Mackey}, A.~D. and {Huxor}, A. and {Ferguson}, A.~M.~N. and {Tanvir}, N.~R. and {Irwin}, M. and {Ibata}, R. and {Bridges}, T. and {Johnson}, R.~A. and {Lewis}, G.},
        title = "{ACS Photometry of Newly Discovered Globular Clusters in the Outer Halo of M31}",
      journal = {\apjl},
     keywords = {Galaxies: Halos, Galaxies: Individual: Messier Number: M31, Galaxy: Globular Clusters: General, Astrophysics},
         year = 2007,
        month = feb,
       volume = {655},
       number = {2},
        pages = {L85-L88},
          doi = {10.1086/511977},
archivePrefix = {arXiv},
       eprint = {astro-ph/0612576},
 primaryClass = {astro-ph},
       adsurl = {https://ui.adsabs.harvard.edu/abs/2007ApJ...655L..85M},
      adsnote = {Provided by the SAO/NASA Astrophysics Data System}
}

@ARTICLE{mackey06,
       author = {{Mackey}, A.~D. and {Huxor}, A. and {Ferguson}, A.~M.~N. and {Tanvir}, N.~R. and {Irwin}, M. and {Ibata}, R. and {Bridges}, T. and {Johnson}, R.~A. and {Lewis}, G.},
        title = "{ACS Photometry of Extended, Luminous Globular Clusters in the Outskirts of M31}",
      journal = {\apjl},
     keywords = {Galaxies: Individual: Messier Number: M31, Galaxies: Star Clusters, Galaxy: Globular Clusters: General, Astrophysics},
         year = 2006,
        month = dec,
       volume = {653},
       number = {2},
        pages = {L105-L108},
          doi = {10.1086/510670},
archivePrefix = {arXiv},
       eprint = {astro-ph/0611257},
 primaryClass = {astro-ph},
       adsurl = {https://ui.adsabs.harvard.edu/abs/2006ApJ...653L.105M},
      adsnote = {Provided by the SAO/NASA Astrophysics Data System}
}

@ARTICLE{tanvir12,
       author = {{Tanvir}, N.~R. and {Mackey}, A.~D. and {Ferguson}, A.~M.~N. and {Huxor}, A. and {Read}, J.~I. and {Lewis}, G.~F. and {Irwin}, M.~J. and {Chapman}, S. and {Ibata}, R. and {Wilkinson}, M.~I. and {McConnachie}, A.~W. and {Martin}, N.~F. and {Davies}, M.~B. and {Bridges}, T.~J.},
        title = "{The structure of star clusters in the outer halo of M31}",
      journal = {\mnras},
     keywords = {galaxies: haloes, galaxies: star clusters: general, galaxies: individual: M31, Astrophysics - Astrophysics of Galaxies},
         year = 2012,
        month = may,
       volume = {422},
       number = {1},
        pages = {162-184},
          doi = {10.1111/j.1365-2966.2012.20590.x},
archivePrefix = {arXiv},
       eprint = {1202.2100},
 primaryClass = {astro-ph.GA},
       adsurl = {https://ui.adsabs.harvard.edu/abs/2012MNRAS.422..162T},
      adsnote = {Provided by the SAO/NASA Astrophysics Data System}
}

@INPROCEEDINGS{gregg17,
       author = {{Gregg}, Michael and {West}, Michael},
        title = "{Observing RAM Pressure Stripping and Morphological Transformation in the Coma Cluster}",
     keywords = {Zenodo community gcf2017},
    booktitle = {Early stages of Galaxy Cluster Formation},
         year = 2017,
        month = jul,
          eid = {13},
        pages = {13},
          doi = {10.5281/zenodo.831767},
       adsurl = {https://ui.adsabs.harvard.edu/abs/2017gcf..confE..13G},
      adsnote = {Provided by the SAO/NASA Astrophysics Data System}
}

@ARTICLE{stockton08,
       author = {{Stockton}, Alan and {McGrath}, Elizabeth and {Canalizo}, Gabriela and {Iye}, Masanori and {Maihara}, Toshinori},
        title = "{Morphologies of Two Massive Old Galaxies at z \raisebox{-0.5ex}\textasciitilde 2.5}",
      journal = {\apj},
     keywords = {galaxies: evolution, galaxies: high-redshift, galaxies: interactions, galaxies: structure, Astrophysics},
         year = 2008,
        month = jan,
       volume = {672},
       number = {1},
        pages = {146-152},
          doi = {10.1086/523789},
archivePrefix = {arXiv},
       eprint = {0710.0426},
 primaryClass = {astro-ph},
       adsurl = {https://ui.adsabs.harvard.edu/abs/2008ApJ...672..146S},
      adsnote = {Provided by the SAO/NASA Astrophysics Data System}
}

@ARTICLE{werk08,
       author = {{Werk}, J.~K. and {Putman}, M.~E. and {Meurer}, G.~R. and {Oey}, M.~S. and {Ryan-Weber}, E.~V. and {Kennicutt}, R.~C., Jr. and {Freeman}, K.~C.},
        title = "{Isolated OB Associations in Stripped H I Gas Clouds}",
      journal = {\apj},
     keywords = {galaxies: halos, galaxies: star clusters, H II regions, intergalactic medium, stars: formation, Astrophysics},
         year = 2008,
        month = may,
       volume = {678},
       number = {2},
        pages = {888-906},
          doi = {10.1086/533523},
archivePrefix = {arXiv},
       eprint = {0801.4758},
 primaryClass = {astro-ph},
       adsurl = {https://ui.adsabs.harvard.edu/abs/2008ApJ...678..888W},
      adsnote = {Provided by the SAO/NASA Astrophysics Data System}
}

@ARTICLE{Tran08,
       author = {{Tran}, Kim-Vy H. and {Moustakas}, John and {Gonzalez}, Anthony H. and {Bai}, Lei and {Zaritsky}, Dennis and {Kautsch}, Stefan J.},
        title = "{The Late Stellar Assembly of Massive Cluster Galaxies via Major Merging}",
      journal = {\apjl},
     keywords = {galaxies: clusters: general, galaxies: elliptical and lenticular, cD, galaxies: evolution, Astrophysics},
         year = 2008,
        month = aug,
       volume = {683},
       number = {1},
        pages = {L17},
          doi = {10.1086/591422},
archivePrefix = {arXiv},
       eprint = {0806.4387},
 primaryClass = {astro-ph},
       adsurl = {https://ui.adsabs.harvard.edu/abs/2008ApJ...683L..17T},
      adsnote = {Provided by the SAO/NASA Astrophysics Data System}
}

@ARTICLE{bedin10,
       author = {{Bedin}, L.~R. and {Salaris}, M. and {King}, I.~R. and {Piotto}, G. and {Anderson}, J. and {Cassisi}, S.},
        title = "{The Bottom of the White Dwarf Cooling Sequence in the Old Open Cluster NGC 2158}",
      journal = {\apjl},
     keywords = {Hertzsprung-Russell diagram, open clusters and associations: individual: NGC 2158, white dwarfs, Astrophysics - Astrophysics of Galaxies, Astrophysics - Solar and Stellar Astrophysics},
         year = 2010,
        month = jan,
       volume = {708},
       number = {1},
        pages = {L32-L35},
          doi = {10.1088/2041-8205/708/1/L32},
archivePrefix = {arXiv},
       eprint = {0912.0257},
 primaryClass = {astro-ph.GA},
       adsurl = {https://ui.adsabs.harvard.edu/abs/2010ApJ...708L..32B},
      adsnote = {Provided by the SAO/NASA Astrophysics Data System}
}

@ARTICLE{bedin15,
       author = {{Bedin}, L.~R. and {Salaris}, M. and {Anderson}, J. and {Cassisi}, S. and {Milone}, A.~P. and {Piotto}, G. and {King}, I.~R. and {Bergeron}, P.},
        title = "{Hubble Space Telescope observations of the Kepler-field cluster NGC 6819 - I. The bottom of the white dwarf cooling sequence}",
      journal = {\mnras},
     keywords = {open clusters and associations: individual: NGC 6819, white dwarfs, Astrophysics - Solar and Stellar Astrophysics},
         year = 2015,
        month = apr,
       volume = {448},
       number = {2},
        pages = {1779-1788},
          doi = {10.1093/mnras/stv069},
archivePrefix = {arXiv},
       eprint = {1501.02953},
 primaryClass = {astro-ph.SR},
       adsurl = {https://ui.adsabs.harvard.edu/abs/2015MNRAS.448.1779B},
      adsnote = {Provided by the SAO/NASA Astrophysics Data System}
}

@ARTICLE{scalco21,
       author = {{Scalco}, M. and {Bellini}, A. and {Bedin}, L.~R. and {Anderson}, J. and {Rosati}, P. and {Libralato}, M. and {Salaris}, M. and {Vesperini}, E. and {Nardiello}, D. and {Apai}, D. and {Burgasser}, A.~J. and {Gerasimov}, R.},
        title = "{The HST large programme on {\ensuremath{\omega}} Centauri - IV. Catalogue of two external fields}",
      journal = {\mnras},
     keywords = {techniques: photometric, catalogues, Hertzsprung-Russell and colour-magnitude diagrams, Population II, star clusters: individual: {\ensuremath{\omega}} Centauri (NGC 5139), Astrophysics - Solar and Stellar Astrophysics, Astrophysics - Astrophysics of Galaxies, Astrophysics - Instrumentation and Methods for Astrophysics},
         year = 2021,
        month = aug,
       volume = {505},
       number = {3},
        pages = {3549-3561},
          doi = {10.1093/mnras/stab1476},
archivePrefix = {arXiv},
       eprint = {2107.08726},
 primaryClass = {astro-ph.SR},
       adsurl = {https://ui.adsabs.harvard.edu/abs/2021MNRAS.505.3549S},
      adsnote = {Provided by the SAO/NASA Astrophysics Data System}
}

@ARTICLE{gallart15,
       author = {{Gallart}, Carme and {Monelli}, Matteo and {Mayer}, Lucio and {Aparicio}, Antonio and {Battaglia}, Giuseppina and {Bernard}, Edouard J. and {Cassisi}, Santi and {Cole}, Andrew A. and {Dolphin}, Andrew E. and {Drozdovsky}, Igor and {Hidalgo}, Sebastian L. and {Navarro}, Julio F. and {Salvadori}, Stefania and {Skillman}, Evan D. and {Stetson}, Peter B. and {Weisz}, Daniel R.},
        title = "{The ACS LCID Project: On the Origin of Dwarf Galaxy Types{\textemdash}A Manifestation of the Halo Assembly Bias?}",
      journal = {\apjl},
     keywords = {galaxies: dwarf, galaxies: evolution, galaxies: formation, Astrophysics - Astrophysics of Galaxies},
         year = 2015,
        month = oct,
       volume = {811},
       number = {2},
          eid = {L18},
        pages = {L18},
          doi = {10.1088/2041-8205/811/2/L18},
archivePrefix = {arXiv},
       eprint = {1507.08350},
 primaryClass = {astro-ph.GA},
       adsurl = {https://ui.adsabs.harvard.edu/abs/2015ApJ...811L..18G},
      adsnote = {Provided by the SAO/NASA Astrophysics Data System}
}

@ARTICLE{gallart21,
       author = {{Gallart}, C. and {Monelli}, M. and {Ruiz-Lara}, T. and {Calamida}, A. and {Cassisi}, S. and {Cignoni}, M. and {Anderson}, J. and {Battaglia}, G. and {Bermejo-Climent}, J.~R. and {Bernard}, E.~J. and {Mart{\'\i}nez-V{\'a}zquez}, C.~E. and {Mayer}, L. and {Salvadori}, S. and {Monachesi}, A. and {Navarro}, J.~F. and {Shen}, S. and {Surot}, F. and {Tosi}, M. and {Bajaj}, V. and {Strinfellow}, G.~S.},
        title = "{The Star Formation History of Eridanus II: On the Role of Supernova Feedback in the Quenching of Ultrafaint Dwarf Galaxies}",
      journal = {\apj},
     keywords = {Dwarf galaxies, Galaxy evolution, Galaxy formation, Galaxy quenching, Local Group, 416, 594, 595, 2040, 929, Astrophysics - Astrophysics of Galaxies},
         year = 2021,
        month = mar,
       volume = {909},
       number = {2},
          eid = {192},
        pages = {192},
          doi = {10.3847/1538-4357/abddbe},
archivePrefix = {arXiv},
       eprint = {2101.04464},
 primaryClass = {astro-ph.GA},
       adsurl = {https://ui.adsabs.harvard.edu/abs/2021ApJ...909..192G},
      adsnote = {Provided by the SAO/NASA Astrophysics Data System}
}

@ARTICLE{chen13,
       author = {{Chen}, Jacqueline and {Lee}, Samuel K. and {Castander}, Francisco-Javier and {Maza}, Jos{\'e} and {Schechter}, Paul L.},
        title = "{Missing Lensed Images and the Galaxy Disk Mass in CXOCY J220132.8-320144}",
      journal = {\apj},
     keywords = {dark matter, galaxies: halos, galaxies: spiral, galaxies: structure, gravitational lensing: strong, Astrophysics - Cosmology and Nongalactic Astrophysics},
         year = 2013,
        month = may,
       volume = {769},
       number = {1},
          eid = {81},
        pages = {81},
          doi = {10.1088/0004-637X/769/1/81},
archivePrefix = {arXiv},
       eprint = {1211.6449},
 primaryClass = {astro-ph.CO},
       adsurl = {https://eur02.safelinks.protection.outlook.com/?url=https%3A%2F%2Fui.adsabs.harvard.edu%2Fabs%2F2013ApJ...769...81C&amp;data=05%7C01%7Coryan%40live.lancs.ac.uk%7Cee54fb83934e49f54b4e08dac8ae940f%7C9c9bcd11977a4e9ca9a0bc734090164a%7C0%7C0%7C638042949388748735%7CUnknown%7CTWFpbGZsb3d8eyJWIjoiMC4wLjAwMDAiLCJQIjoiV2luMzIiLCJBTiI6Ik1haWwiLCJXVCI6Mn0%3D%7C3000%7C%7C%7C&amp;sdata=geJcpnGaAQYgNa7dS6bUJNEvCmFhRRjT7wR5YPAoUKg%3D&amp;reserved=0},
      adsnote = {Provided by the SAO/NASA Astrophysics Data System}
}

@ARTICLE{calzetti15,
       author = {{Calzetti}, D. and {Lee}, J.~C. and {Sabbi}, E. and {Adamo}, A. and {Smith}, L.~J. and {Andrews}, J.~E. and {Ubeda}, L. and {Bright}, S.~N. and {Thilker}, D. and {Aloisi}, A. and {Brown}, T.~M. and {Chandar}, R. and {Christian}, C. and {Cignoni}, M. and {Clayton}, G.~C. and {da Silva}, R. and {de Mink}, S.~E. and {Dobbs}, C. and {Elmegreen}, B.~G. and {Elmegreen}, D.~M. and {Evans}, A.~S. and {Fumagalli}, M. and {Gallagher}, J.~S., III and {Gouliermis}, D.~A. and {Grebel}, E.~K. and {Herrero}, A. and {Hunter}, D.~A. and {Johnson}, K.~E. and {Kennicutt}, R.~C. and {Kim}, H. and {Krumholz}, M.~R. and {Lennon}, D. and {Levay}, K. and {Martin}, C. and {Nair}, P. and {Nota}, A. and {{\"O}stlin}, G. and {Pellerin}, A. and {Prieto}, J. and {Regan}, M.~W. and {Ryon}, J.~E. and {Schaerer}, D. and {Schiminovich}, D. and {Tosi}, M. and {Van Dyk}, S.~D. and {Walterbos}, R. and {Whitmore}, B.~C. and {Wofford}, A.},
        title = "{Legacy Extragalactic UV Survey (LEGUS) With the Hubble Space Telescope. I. Survey Description}",
      journal = {\aj},
     keywords = {galaxies: general, galaxies: star clusters: general, galaxies: star formation, galaxies: stellar content, ultraviolet: galaxies, ultraviolet: stars, Astrophysics - Astrophysics of Galaxies, Astrophysics - Cosmology and Nongalactic Astrophysics},
         year = 2015,
        month = feb,
       volume = {149},
       number = {2},
          eid = {51},
        pages = {51},
          doi = {10.1088/0004-6256/149/2/51},
archivePrefix = {arXiv},
       eprint = {1410.7456},
 primaryClass = {astro-ph.GA},
       adsurl = {https://ui.adsabs.harvard.edu/abs/2015AJ....149...51C},
      adsnote = {Provided by the SAO/NASA Astrophysics Data System}
}

@ARTICLE{adamo17,
       author = {{Adamo}, A. and {Ryon}, J.~E. and {Messa}, M. and {Kim}, H. and {Grasha}, K. and {Cook}, D.~O. and {Calzetti}, D. and {Lee}, J.~C. and {Whitmore}, B.~C. and {Elmegreen}, B.~G. and {Ubeda}, L. and {Smith}, L.~J. and {Bright}, S.~N. and {Runnholm}, A. and {Andrews}, J.~E. and {Fumagalli}, M. and {Gouliermis}, D.~A. and {Kahre}, L. and {Nair}, P. and {Thilker}, D. and {Walterbos}, R. and {Wofford}, A. and {Aloisi}, A. and {Ashworth}, G. and {Brown}, T.~M. and {Chandar}, R. and {Christian}, C. and {Cignoni}, M. and {Clayton}, G.~C. and {Dale}, D.~A. and {de Mink}, S.~E. and {Dobbs}, C. and {Elmegreen}, D.~M. and {Evans}, A.~S. and {Gallagher}, J.~S., III and {Grebel}, E.~K. and {Herrero}, A. and {Hunter}, D.~A. and {Johnson}, K.~E. and {Kennicutt}, R.~C. and {Krumholz}, M.~R. and {Lennon}, D. and {Levay}, K. and {Martin}, C. and {Nota}, A. and {{\"O}stlin}, G. and {Pellerin}, A. and {Prieto}, J. and {Regan}, M.~W. and {Sabbi}, E. and {Sacchi}, E. and {Schaerer}, D. and {Schiminovich}, D. and {Shabani}, F. and {Tosi}, M. and {Van Dyk}, S.~D. and {Zackrisson}, E.},
        title = "{Legacy ExtraGalactic UV Survey with The Hubble Space Telescope: Stellar Cluster Catalogs and First Insights Into Cluster Formation and Evolution in NGC 628}",
      journal = {\apj},
     keywords = {galaxies: individual: NGC 628, M74, galaxies: star clusters: general, galaxies: star formation, stars: formation, Astrophysics - Astrophysics of Galaxies},
         year = 2017,
        month = jun,
       volume = {841},
       number = {2},
          eid = {131},
        pages = {131},
          doi = {10.3847/1538-4357/aa7132},
archivePrefix = {arXiv},
       eprint = {1705.01588},
 primaryClass = {astro-ph.GA},
       adsurl = {https://ui.adsabs.harvard.edu/abs/2017ApJ...841..131A},
      adsnote = {Provided by the SAO/NASA Astrophysics Data System}
}

@ARTICLE{sabbi18,
       author = {{Sabbi}, E. and {Calzetti}, D. and {Ubeda}, L. and {Adamo}, A. and {Cignoni}, M. and {Thilker}, D. and {Aloisi}, A. and {Elmegreen}, B.~G. and {Elmegreen}, D.~M. and {Gouliermis}, D.~A. and {Grebel}, E.~K. and {Messa}, M. and {Smith}, L.~J. and {Tosi}, M. and {Dolphin}, A. and {Andrews}, J.~E. and {Ashworth}, G. and {Bright}, S.~N. and {Brown}, T.~M. and {Chandar}, R. and {Christian}, C. and {Clayton}, G.~C. and {Cook}, D.~O. and {Dale}, D.~A. and {de Mink}, S.~E. and {Dobbs}, C. and {Evans}, A.~S. and {Fumagalli}, M. and {Gallagher}, J.~S., III and {Grasha}, K. and {Herrero}, A. and {Hunter}, D.~A. and {Johnson}, K.~E. and {Kahre}, L. and {Kennicutt}, R.~C. and {Kim}, H. and {Krumholz}, M.~R. and {Lee}, J.~C. and {Lennon}, D. and {Martin}, C. and {Nair}, P. and {Nota}, A. and {{\"O}stlin}, G. and {Pellerin}, A. and {Prieto}, J. and {Regan}, M.~W. and {Ryon}, J.~E. and {Sacchi}, E. and {Schaerer}, D. and {Schiminovich}, D. and {Shabani}, F. and {Van Dyk}, S.~D. and {Walterbos}, R. and {Whitmore}, B.~C. and {Wofford}, A.},
        title = "{The Resolved Stellar Populations in the LEGUS Galaxies1}",
      journal = {\apjs},
     keywords = {galaxies: star clusters: general, galaxies: star formation, galaxies: stellar content, Hertzsprung{\textendash}Russell and C{\textendash}M diagrams, stars: formation, Astrophysics - Astrophysics of Galaxies},
         year = 2018,
        month = mar,
       volume = {235},
       number = {1},
          eid = {23},
        pages = {23},
          doi = {10.3847/1538-4365/aaa8e5},
archivePrefix = {arXiv},
       eprint = {1801.05467},
 primaryClass = {astro-ph.GA},
       adsurl = {https://ui.adsabs.harvard.edu/abs/2018ApJS..235...23S},
      adsnote = {Provided by the SAO/NASA Astrophysics Data System}
}

@ARTICLE{cook19,
       author = {{Cook}, D.~O. and {Lee}, J.~C. and {Adamo}, A. and {Kim}, H. and {Chandar}, R. and {Whitmore}, B.~C. and {Mok}, A. and {Ryon}, J.~E. and {Dale}, D.~A. and {Calzetti}, D. and {Andrews}, J.~E. and {Aloisi}, A. and {Ashworth}, G. and {Bright}, S.~N. and {Brown}, T.~M. and {Christian}, C. and {Cignoni}, M. and {Clayton}, G.~C. and {da Silva}, R. and {de Mink}, S.~E. and {Dobbs}, C.~L. and {Elmegreen}, B.~G. and {Elmegreen}, D.~M. and {Evans}, A.~S. and {Fumagalli}, M. and {Gallagher}, J.~S. and {Gouliermis}, D.~A. and {Grasha}, K. and {Grebel}, E.~K. and {Herrero}, A. and {Hunter}, D.~A. and {Jensen}, E.~I. and {Johnson}, K.~E. and {Kahre}, L. and {Kennicutt}, R.~C. and {Krumholz}, M.~R. and {Lee}, N.~J. and {Lennon}, D. and {Linden}, S. and {Martin}, C. and {Messa}, M. and {Nair}, P. and {Nota}, A. and {{\"O}stlin}, G. and {Parziale}, R.~C. and {Pellerin}, A. and {Regan}, M.~W. and {Sabbi}, E. and {Sacchi}, E. and {Schaerer}, D. and {Schiminovich}, D. and {Shabani}, F. and {Slane}, F.~A. and {Small}, J. and {Smith}, C.~L. and {Smith}, L.~J. and {Taibi}, S. and {Thilker}, D.~A. and {de la Torre}, I.~C. and {Tosi}, M. and {Turner}, J.~A. and {Ubeda}, L. and {Van Dyk}, S.~D. and {Walterbos}, R. AM and {Wofford}, A.},
        title = "{Star cluster catalogues for the LEGUS dwarf galaxies}",
      journal = {\mnras},
     keywords = {galaxies: dwarf, galaxies: irregular, Local Group, galaxies: photometry, galaxies: star clusters: general, galaxies: spiral, Astrophysics - Astrophysics of Galaxies},
         year = 2019,
        month = apr,
       volume = {484},
       number = {4},
        pages = {4897-4919},
          doi = {10.1093/mnras/stz331},
archivePrefix = {arXiv},
       eprint = {1902.00082},
 primaryClass = {astro-ph.GA},
       adsurl = {https://ui.adsabs.harvard.edu/abs/2019MNRAS.484.4897C},
      adsnote = {Provided by the SAO/NASA Astrophysics Data System}
}

@ARTICLE{saviane08,
       author = {{Saviane}, Ivo and {Momany}, Yazan and {Da Costa}, Gary S. and {Rich}, R. Michael and {Hibbard}, John E.},
        title = "{A New Red Giant-based Distance Modulus of 13.3 Mpc to the Antennae Galaxies and Its Consequences}",
      journal = {\apj},
     keywords = {galaxies: distances and redshifts, galaxies: individual: NGC 4038 NGC 4039, galaxies: interactions, galaxies: peculiar, galaxies: stellar content, Astrophysics},
         year = 2008,
        month = may,
       volume = {678},
       number = {1},
        pages = {179-186},
          doi = {10.1086/533408},
archivePrefix = {arXiv},
       eprint = {0802.1045},
 primaryClass = {astro-ph},
       adsurl = {https://ui.adsabs.harvard.edu/abs/2008ApJ...678..179S},
      adsnote = {Provided by the SAO/NASA Astrophysics Data System}
}

@ARTICLE{weisz08,
       author = {{Weisz}, Daniel R. and {Skillman}, Evan D. and {Cannon}, John M. and {Dolphin}, Andrew E. and {Kennicutt}, Robert C., Jr. and {Lee}, Janice and {Walter}, Fabian},
        title = "{The Recent Star Formation Histories of M81 Group Dwarf Irregular Galaxies}",
      journal = {\apj},
     keywords = {galaxies: dwarf, galaxies: evolution, galaxies: formation, galaxies: stellar content, Astrophysics},
         year = 2008,
        month = dec,
       volume = {689},
       number = {1},
        pages = {160-183},
          doi = {10.1086/592323},
archivePrefix = {arXiv},
       eprint = {0809.5059},
 primaryClass = {astro-ph},
       adsurl = {https://ui.adsabs.harvard.edu/abs/2008ApJ...689..160W},
      adsnote = {Provided by the SAO/NASA Astrophysics Data System}
}

@ARTICLE{weisz14,
       author = {{Weisz}, Daniel R. and {Skillman}, Evan D. and {Hidalgo}, Sebastian L. and {Monelli}, Matteo and {Dolphin}, Andrew E. and {McConnachie}, Alan and {Bernard}, Edouard J. and {Gallart}, Carme and {Aparicio}, Antonio and {Boylan-Kolchin}, Michael and {Cassisi}, Santi and {Cole}, Andrew A. and {Ferguson}, Henry C. and {Irwin}, Mike and {Martin}, Nicolas F. and {Mayer}, Lucio and {McQuinn}, Kristen B.~W. and {Navarro}, Julio F. and {Stetson}, Peter B.},
        title = "{Comparing M31 and Milky Way Satellites: The Extended Star Formation Histories of Andromeda II and Andromeda XVI}",
      journal = {\apj},
     keywords = {galaxies: dwarf, galaxies: individual: And II And XVI, Galaxy: evolution, Galaxy: formation, Local Group, Astrophysics - Astrophysics of Galaxies, Astrophysics - Cosmology and Nongalactic Astrophysics},
         year = 2014,
        month = jul,
       volume = {789},
       number = {1},
          eid = {24},
        pages = {24},
          doi = {10.1088/0004-637X/789/1/24},
archivePrefix = {arXiv},
       eprint = {1405.4870},
 primaryClass = {astro-ph.GA},
       adsurl = {https://ui.adsabs.harvard.edu/abs/2014ApJ...789...24W},
      adsnote = {Provided by the SAO/NASA Astrophysics Data System}
}

@ARTICLE{skillman17,
       author = {{Skillman}, Evan D. and {Monelli}, Matteo and {Weisz}, Daniel R. and {Hidalgo}, Sebastian L. and {Aparicio}, Antonio and {Bernard}, Edouard J. and {Boylan-Kolchin}, Michael and {Cassisi}, Santi and {Cole}, Andrew A. and {Dolphin}, Andrew E. and {Ferguson}, Henry C. and {Gallart}, Carme and {Irwin}, Mike J. and {Martin}, Nicolas F. and {Mart{\'\i}nez-V{\'a}zquez}, Clara E. and {Mayer}, Lucio and {McConnachie}, Alan W. and {McQuinn}, Kristen B.~W. and {Navarro}, Julio F. and {Stetson}, Peter B.},
        title = "{The ISLAndS Project. II. The Lifetime Star Formation Histories of Six Andomeda dSphS}",
      journal = {\apj},
     keywords = {galaxies: dwarf, galaxies: evolution, galaxies: photometry, galaxies: stellar content, galaxies: structure, Astrophysics - Astrophysics of Galaxies},
         year = 2017,
        month = mar,
       volume = {837},
       number = {2},
          eid = {102},
        pages = {102},
          doi = {10.3847/1538-4357/aa60c5},
archivePrefix = {arXiv},
       eprint = {1606.01207},
 primaryClass = {astro-ph.GA},
       adsurl = {https://ui.adsabs.harvard.edu/abs/2017ApJ...837..102S},
      adsnote = {Provided by the SAO/NASA Astrophysics Data System}
}

@ARTICLE{kaarat08,
       author = {{Kaaret}, Philip and {Alonso-Herrero}, Almudena},
        title = "{X-Ray Sources in the Star-Forming Galaxies NGC 4194 and NGC 7541}",
      journal = {\apj},
     keywords = {black hole physics, galaxies: individual: NGC 1073 NGC 7541, galaxies: stellar content, X-rays: galaxies, Astrophysics},
         year = 2008,
        month = aug,
       volume = {682},
       number = {2},
        pages = {1020-1028},
          doi = {10.1086/589764},
archivePrefix = {arXiv},
       eprint = {0805.0683},
 primaryClass = {astro-ph},
       adsurl = {https://ui.adsabs.harvard.edu/abs/2008ApJ...682.1020K},
      adsnote = {Provided by the SAO/NASA Astrophysics Data System}
}

@ARTICLE{brown08,
       author = {{Brown}, Thomas M. and {Beaton}, Rachael and {Chiba}, Masashi and {Ferguson}, Henry C. and {Gilbert}, Karoline M. and {Guhathakurta}, Puragra and {Iye}, Masanori and {Kalirai}, Jasonjot S. and {Koch}, Andreas and {Komiyama}, Yutaka and {Majewski}, Steven R. and {Reitzel}, David B. and {Renzini}, Alvio and {Rich}, R. Michael and {Smith}, Ed and {Sweigart}, Allen V. and {Tanaka}, Mikito},
        title = "{The Extended Star Formation History of the Andromeda Spheroid at 35 kpc on the Minor Axis}",
      journal = {\apjl},
     keywords = {galaxies: evolution, galaxies: halos, galaxies: individual: M31, galaxies: stellar content, Astrophysics},
         year = 2008,
        month = oct,
       volume = {685},
       number = {2},
        pages = {L121},
          doi = {10.1086/592686},
archivePrefix = {arXiv},
       eprint = {0808.2648},
 primaryClass = {astro-ph},
       adsurl = {https://ui.adsabs.harvard.edu/abs/2008ApJ...685L.121B},
      adsnote = {Provided by the SAO/NASA Astrophysics Data System}
}

@ARTICLE{brown14,
       author = {{Brown}, Thomas M. and {Tumlinson}, Jason and {Geha}, Marla and {Simon}, Joshua D. and {Vargas}, Luis C. and {VandenBerg}, Don A. and {Kirby}, Evan N. and {Kalirai}, Jason S. and {Avila}, Roberto J. and {Gennaro}, Mario and {Ferguson}, Henry C. and {Mu{\~n}oz}, Ricardo R. and {Guhathakurta}, Puragra and {Renzini}, Alvio},
        title = "{The Quenching of the Ultra-faint Dwarf Galaxies in the Reionization Era}",
      journal = {\apj},
     keywords = {galaxies: dwarf, galaxies: evolution, galaxies: formation, galaxies: photometry, galaxies: stellar content, Local Group, Astrophysics - Astrophysics of Galaxies, Astrophysics - Cosmology and Nongalactic Astrophysics},
         year = 2014,
        month = dec,
       volume = {796},
       number = {2},
          eid = {91},
        pages = {91},
          doi = {10.1088/0004-637X/796/2/91},
archivePrefix = {arXiv},
       eprint = {1410.0681},
 primaryClass = {astro-ph.GA},
       adsurl = {https://ui.adsabs.harvard.edu/abs/2014ApJ...796...91B},
      adsnote = {Provided by the SAO/NASA Astrophysics Data System}
}

@ARTICLE{brown15,
       author = {{Brown}, Warren R. and {Anderson}, Jay and {Gnedin}, Oleg Y. and {Bond}, Howard E. and {Geller}, Margaret J. and {Kenyon}, Scott J.},
        title = "{Proper Motions and Trajectories for 16 Extreme Runaway and Hypervelocity Stars}",
      journal = {\apj},
     keywords = {Galaxy: halo, Galaxy: kinematics and dynamics, Magellanic Clouds, stars: early-type, stars: kinematics and dynamics, Astrophysics - Solar and Stellar Astrophysics},
         year = 2015,
        month = may,
       volume = {804},
       number = {1},
          eid = {49},
        pages = {49},
          doi = {10.1088/0004-637X/804/1/49},
archivePrefix = {arXiv},
       eprint = {1502.05069},
 primaryClass = {astro-ph.SR},
       adsurl = {https://ui.adsabs.harvard.edu/abs/2015ApJ...804...49B},
      adsnote = {Provided by the SAO/NASA Astrophysics Data System}
}

@ARTICLE{thompson09,
       author = {{Thompson}, Rodger I. and {Sauvage}, Marc and {Kennicutt}, Robert C. and {Engelbracht}, Charles and {Vanzi}, Leonardo and {Schneider}, Glenn},
        title = "{Super Star Clusters in SBS0335-052E}",
      journal = {\apj},
     keywords = {galaxies: dwarf, galaxies: individual: SBS0335-052E, galaxies: starburst, galaxies: star clusters, Astrophysics},
         year = 2009,
        month = feb,
       volume = {691},
       number = {2},
        pages = {1068-1078},
          doi = {10.1088/0004-637X/691/2/1068},
archivePrefix = {arXiv},
       eprint = {0810.2540},
 primaryClass = {astro-ph},
       adsurl = {https://ui.adsabs.harvard.edu/abs/2009ApJ...691.1068T},
      adsnote = {Provided by the SAO/NASA Astrophysics Data System}
}

@ARTICLE{chiboucas13,
       author = {{Chiboucas}, Kristin and {Jacobs}, Bradley A. and {Tully}, R. Brent and {Karachentsev}, Igor D.},
        title = "{Confirmation of Faint Dwarf Galaxies in the M81 Group}",
      journal = {\aj},
     keywords = {galaxies: dwarf, galaxies: fundamental parameters, galaxies: groups: individual: M81, galaxies: luminosity function, mass function, galaxies: photometry, Astrophysics - Cosmology and Nongalactic Astrophysics},
         year = 2013,
        month = nov,
       volume = {146},
       number = {5},
          eid = {126},
        pages = {126},
          doi = {10.1088/0004-6256/146/5/126},
archivePrefix = {arXiv},
       eprint = {1309.4130},
 primaryClass = {astro-ph.CO},
       adsurl = {https://ui.adsabs.harvard.edu/abs/2013AJ....146..126C},
      adsnote = {Provided by the SAO/NASA Astrophysics Data System}
}

@ARTICLE{browdin13,
       author = {{Brodwin}, M. and {Stanford}, S.~A. and {Gonzalez}, Anthony H. and {Zeimann}, G.~R. and {Snyder}, G.~F. and {Mancone}, C.~L. and {Pope}, A. and {Eisenhardt}, P.~R. and {Stern}, D. and {Alberts}, S. and {Ashby}, M.~L.~N. and {Brown}, M.~J.~I. and {Chary}, R. -R. and {Dey}, Arjun and {Galametz}, A. and {Gettings}, D.~P. and {Jannuzi}, B.~T. and {Miller}, E.~D. and {Moustakas}, J. and {Moustakas}, L.~A.},
        title = "{The Era of Star Formation in Galaxy Clusters}",
      journal = {\apj},
     keywords = {galaxies: clusters: general, galaxies: distances and redshifts, galaxies: evolution, galaxies: formation, galaxies: starburst, Astrophysics - Cosmology and Nongalactic Astrophysics},
         year = 2013,
        month = dec,
       volume = {779},
       number = {2},
          eid = {138},
        pages = {138},
          doi = {10.1088/0004-637X/779/2/138},
archivePrefix = {arXiv},
       eprint = {1310.6039},
 primaryClass = {astro-ph.CO},
       adsurl = {https://ui.adsabs.harvard.edu/abs/2013ApJ...779..138B},
      adsnote = {Provided by the SAO/NASA Astrophysics Data System}
}

@ARTICLE{snyder12,
       author = {{Snyder}, Gregory F. and {Brodwin}, Mark and {Mancone}, Conor M. and {Zeimann}, Gregory R. and {Stanford}, S.~A. and {Gonzalez}, Anthony H. and {Stern}, Daniel and {Eisenhardt}, Peter R.~M. and {Brown}, Michael J.~I. and {Dey}, Arjun and {Jannuzi}, Buell and {Perlmutter}, Saul},
        title = "{Assembly of the Red Sequence in Infrared-selected Galaxy Clusters from the IRAC Shallow Cluster Survey}",
      journal = {\apj},
     keywords = {galaxies: clusters: general, galaxies: elliptical and lenticular, cD, galaxies: evolution, galaxies: formation, galaxies: photometry, Astrophysics - Cosmology and Extragalactic Astrophysics},
         year = 2012,
        month = sep,
       volume = {756},
       number = {2},
          eid = {114},
        pages = {114},
          doi = {10.1088/0004-637X/756/2/114},
archivePrefix = {arXiv},
       eprint = {1207.4790},
 primaryClass = {astro-ph.CO},
       adsurl = {https://ui.adsabs.harvard.edu/abs/2012ApJ...756..114S},
      adsnote = {Provided by the SAO/NASA Astrophysics Data System}
}

@ARTICLE{maybhate10,
       author = {{Maybhate}, Aparna and {Goudfrooij}, Paul and {Chandar}, Rupali and {Puzia}, Thomas H.},
        title = "{The Formation of Spheroids in Early-type Spirals: Clues from Their Globular Clusters}",
      journal = {\apj},
     keywords = {galaxies: bulges, galaxies: spiral, galaxies: star clusters: general, Astrophysics - Cosmology and Nongalactic Astrophysics},
         year = 2010,
        month = sep,
       volume = {721},
       number = {1},
        pages = {893-900},
          doi = {10.1088/0004-637X/721/1/893},
archivePrefix = {arXiv},
       eprint = {1007.4962},
 primaryClass = {astro-ph.CO},
       adsurl = {https://ui.adsabs.harvard.edu/abs/2010ApJ...721..893M},
      adsnote = {Provided by the SAO/NASA Astrophysics Data System}
}

@ARTICLE{correnti14,
       author = {{Correnti}, Matteo and {Goudfrooij}, Paul and {Kalirai}, Jason S. and {Girardi}, Leo and {Puzia}, Thomas H. and {Kerber}, Leandro},
        title = "{New Clues to the Cause of Extended Main-Sequence Turnoffs in Intermediate-age Star Clusters in the Magellanic Clouds}",
      journal = {\apj},
     keywords = {galaxies: star clusters: general, globular clusters: general, Magellanic Clouds, Astrophysics - Solar and Stellar Astrophysics, Astrophysics - Astrophysics of Galaxies},
         year = 2014,
        month = oct,
       volume = {793},
       number = {2},
          eid = {121},
        pages = {121},
          doi = {10.1088/0004-637X/793/2/121},
archivePrefix = {arXiv},
       eprint = {1407.6957},
 primaryClass = {astro-ph.SR},
       adsurl = {https://ui.adsabs.harvard.edu/abs/2014ApJ...793..121C},
      adsnote = {Provided by the SAO/NASA Astrophysics Data System}
}

@ARTICLE{goudfrooij17,
       author = {{Goudfrooij}, Paul and {Girardi}, L{\'e}o and {Correnti}, Matteo},
        title = "{Extended Main-sequence Turn-offs in Intermediate-age Star Clusters: Stellar Rotation Diminishes, but Does Not Eliminate, Age Spreads}",
      journal = {\apj},
     keywords = {globular clusters: general, globular clusters: individual: NGC 1987, NGC 2249, Magellanic Clouds, Astrophysics - Astrophysics of Galaxies, Astrophysics - Solar and Stellar Astrophysics},
         year = 2017,
        month = sep,
       volume = {846},
       number = {1},
          eid = {22},
        pages = {22},
          doi = {10.3847/1538-4357/aa7fb7},
archivePrefix = {arXiv},
       eprint = {1707.03847},
 primaryClass = {astro-ph.GA},
       adsurl = {https://ui.adsabs.harvard.edu/abs/2017ApJ...846...22G},
      adsnote = {Provided by the SAO/NASA Astrophysics Data System}
}

@ARTICLE{goudfrooij12,
       author = {{Goudfrooij}, Paul},
        title = "{Sizes, Half-mass Densities, and Mass Functions of Star Clusters in the Merger Remnant NGC 1316: Clues to the Fate of Second-generation Globular Clusters}",
      journal = {\apj},
     keywords = {galaxies: individual: NGC 1316, galaxies: interactions, galaxies: star clusters: general, globular clusters: general, Astrophysics - Cosmology and Extragalactic Astrophysics, Astrophysics - Galaxy Astrophysics},
         year = 2012,
        month = may,
       volume = {750},
       number = {2},
          eid = {140},
        pages = {140},
          doi = {10.1088/0004-637X/750/2/140},
archivePrefix = {arXiv},
       eprint = {1203.1242},
 primaryClass = {astro-ph.CO},
       adsurl = {https://ui.adsabs.harvard.edu/abs/2012ApJ...750..140G},
      adsnote = {Provided by the SAO/NASA Astrophysics Data System}
}

@ARTICLE{bastian13,
       author = {{Bastian}, N. and {Schweizer}, F. and {Goudfrooij}, P. and {Larsen}, S.~S. and {Kissler-Patig}, M.},
        title = "{Luminosity profiles and sizes of massive star clusters in NGC 7252}",
      journal = {\mnras},
     keywords = {galaxies: individual: NGC 7252, galaxies: star clusters: general, Astrophysics - Cosmology and Nongalactic Astrophysics},
         year = 2013,
        month = may,
       volume = {431},
       number = {2},
        pages = {1252-1263},
          doi = {10.1093/mnras/stt253},
archivePrefix = {arXiv},
       eprint = {1302.1683},
 primaryClass = {astro-ph.CO},
       adsurl = {https://ui.adsabs.harvard.edu/abs/2013MNRAS.431.1252B},
      adsnote = {Provided by the SAO/NASA Astrophysics Data System}
}

@ARTICLE{cohen20,
       author = {{Cohen}, Roger E. and {Goudfrooij}, Paul and {Correnti}, Matteo and {Gnedin}, Oleg Y. and {Harris}, William E. and {Chandar}, Rupali and {Puzia}, Thomas H. and {S{\'a}nchez-Janssen}, Rub{\'e}n},
        title = "{The Strikingly Metal-rich Halo of the Sombrero Galaxy}",
      journal = {\apj},
     keywords = {Galaxy stellar halos, Galaxy spheroids, Metallicity, Star formation, Galaxy stellar content, 598, 2032, 1031, 1569, 621, Astrophysics - Astrophysics of Galaxies, Astrophysics - Solar and Stellar Astrophysics},
         year = 2020,
        month = feb,
       volume = {890},
       number = {1},
          eid = {52},
        pages = {52},
          doi = {10.3847/1538-4357/ab64e9},
archivePrefix = {arXiv},
       eprint = {2001.01670},
 primaryClass = {astro-ph.GA},
       adsurl = {https://ui.adsabs.harvard.edu/abs/2020ApJ...890...52C},
      adsnote = {Provided by the SAO/NASA Astrophysics Data System}
}

@ARTICLE{geha15,
       author = {{Geha}, M. and {Weisz}, D. and {Grocholski}, A. and {Dolphin}, A. and {van der Marel}, R.~P. and {Guhathakurta}, P.},
        title = "{HST/ACS Direct Ages of the Dwarf Elliptical Galaxies NGC 147 and NGC 185}",
      journal = {\apj},
     keywords = {galaxies: dwarf, galaxies: individual: NGC 147, NGC 185, galaxies: stellar content, Astrophysics - Astrophysics of Galaxies},
         year = 2015,
        month = oct,
       volume = {811},
       number = {2},
          eid = {114},
        pages = {114},
          doi = {10.1088/0004-637X/811/2/114},
archivePrefix = {arXiv},
       eprint = {1503.06526},
 primaryClass = {astro-ph.GA},
       adsurl = {https://ui.adsabs.harvard.edu/abs/2015ApJ...811..114G},
      adsnote = {Provided by the SAO/NASA Astrophysics Data System}
}

@ARTICLE{gennaro18,
       author = {{Gennaro}, Mario and {Geha}, Marla and {Tchernyshyov}, Kirill and {Brown}, Thomas M. and {Avila}, Roberto J. and {Conroy}, Charlie and {Mu{\~n}oz}, Ricardo R. and {Simon}, Joshua D. and {Tumlinson}, Jason},
        title = "{The Initial Mass Function in the Coma Berenices Dwarf Galaxy from Deep Near-infrared HST Observations}",
      journal = {\apj},
     keywords = {galaxies: dwarf, galaxies: stellar content, Local Group, stars: luminosity function, mass function, Astrophysics - Astrophysics of Galaxies},
         year = 2018,
        month = aug,
       volume = {863},
       number = {1},
          eid = {38},
        pages = {38},
          doi = {10.3847/1538-4357/aaceff},
archivePrefix = {arXiv},
       eprint = {1806.08380},
 primaryClass = {astro-ph.GA},
       adsurl = {https://ui.adsabs.harvard.edu/abs/2018ApJ...863...38G},
      adsnote = {Provided by the SAO/NASA Astrophysics Data System}
}

@ARTICLE{cannon12,
       author = {{Cannon}, John M. and {O'Leary}, Erin M. and {Weisz}, Daniel R. and {Skillman}, Evan D. and {Dolphin}, Andrew E. and {Bigiel}, Frank and {Cole}, Andrew A. and {de Blok}, W.~J.~G. and {Walter}, Fabian},
        title = "{On the Origin of the Supergiant H I Shell and Putative Companion in NGC 6822}",
      journal = {\apj},
     keywords = {galaxies: dwarf, galaxies: evolution, galaxies: individual: NGC 6822, galaxies: irregular, Astrophysics - Cosmology and Nongalactic Astrophysics},
         year = 2012,
        month = mar,
       volume = {747},
       number = {2},
          eid = {122},
        pages = {122},
          doi = {10.1088/0004-637X/747/2/122},
archivePrefix = {arXiv},
       eprint = {1201.3149},
 primaryClass = {astro-ph.CO},
       adsurl = {https://ui.adsabs.harvard.edu/abs/2012ApJ...747..122C},
      adsnote = {Provided by the SAO/NASA Astrophysics Data System}
}

@ARTICLE{mcquinn14,
       author = {{McQuinn}, Kristen B.~W. and {Cannon}, John M. and {Dolphin}, Andrew E. and {Skillman}, Evan D. and {Salzer}, John J. and {Haynes}, Martha P. and {Adams}, Elizabeth and {Cave}, Ian and {Elson}, Ed C. and {Giovanelli}, Riccardo and {Ott}, Ju{\"e}rgen and {Saintonge}, Am{\'e}lie},
        title = "{Distance Determinations to SHIELD Galaxies from Hubble Space Telescope Imaging}",
      journal = {\apj},
     keywords = {galaxies: distances and redshifts, galaxies: dwarf, Hertzsprung-Russell and C-M diagrams, Astrophysics - Astrophysics of Galaxies, Astrophysics - Cosmology and Nongalactic Astrophysics},
         year = 2014,
        month = apr,
       volume = {785},
       number = {1},
          eid = {3},
        pages = {3},
          doi = {10.1088/0004-637X/785/1/3},
archivePrefix = {arXiv},
       eprint = {1402.3723},
 primaryClass = {astro-ph.GA},
       adsurl = {https://ui.adsabs.harvard.edu/abs/2014ApJ...785....3M},
      adsnote = {Provided by the SAO/NASA Astrophysics Data System}
}

@ARTICLE{mquinn21,
       author = {{McQuinn}, Kristen B.~W. and {Telidevara}, Anjana K. and {Fuson}, Jackson and {Adams}, Elizabeth A.~K. and {Cannon}, John M. and {Skillman}, Evan D. and {Dolphin}, Andrew E. and {Haynes}, Martha P. and {Rhode}, Katherine L. and {Salzer}, John. J. and {Giovanelli}, Riccardo and {Gordon}, Alex J.~R.},
        title = "{Galaxy Properties at the Faint End of the H I Mass Function}",
      journal = {\apj},
     keywords = {Dwarf irregular galaxies, Hertzsprung Russell diagram, Luminosity function, Star formation, H I line emission, Distance measure, Galaxy rotation, 417, 725, 942, 1569, 690, 395, 618, Astrophysics - Astrophysics of Galaxies},
         year = 2021,
        month = sep,
       volume = {918},
       number = {1},
          eid = {23},
        pages = {23},
          doi = {10.3847/1538-4357/ac03ae},
archivePrefix = {arXiv},
       eprint = {2105.05100},
 primaryClass = {astro-ph.GA},
       adsurl = {https://ui.adsabs.harvard.edu/abs/2021ApJ...918...23M},
      adsnote = {Provided by the SAO/NASA Astrophysics Data System}
}

@ARTICLE{girardi13,
       author = {{Girardi}, L{\'e}o and {Goudfrooij}, Paul and {Kalirai}, Jason S. and {Kerber}, Leandro and {Kozhurina-Platais}, Vera and {Rubele}, Stefano and {Bressan}, Alessandro and {Chandar}, Rupali and {Marigo}, Paola and {Platais}, Imants and {Puzia}, Thomas H.},
        title = "{An extended main-sequence turn-off in the Small Magellanic Cloud star cluster NGC 411}",
      journal = {\mnras},
     keywords = {stars: evolution, Hertzsprung, Russell and colour, magnitude diagrams, Astrophysics - Astrophysics of Galaxies, Astrophysics - Solar and Stellar Astrophysics},
         year = 2013,
        month = jun,
       volume = {431},
       number = {4},
        pages = {3501-3509},
          doi = {10.1093/mnras/stt433},
archivePrefix = {arXiv},
       eprint = {1303.1361},
 primaryClass = {astro-ph.GA},
       adsurl = {https://ui.adsabs.harvard.edu/abs/2013MNRAS.431.3501G},
      adsnote = {Provided by the SAO/NASA Astrophysics Data System}
}

@ARTICLE{sohn13,
       author = {{Sohn}, Sangmo Tony and {Besla}, Gurtina and {van der Marel}, Roeland P. and {Boylan-Kolchin}, Michael and {Majewski}, Steven R. and {Bullock}, James S.},
        title = "{The Space Motion of Leo I: Hubble Space Telescope Proper Motion and Implied Orbit}",
      journal = {\apj},
     keywords = {astrometry, Galaxy: halo, Galaxy: kinematics and dynamics, galaxies: individual: Leo I, galaxies: kinematics and dynamics, Local Group, Astrophysics - Galaxy Astrophysics},
         year = 2013,
        month = may,
       volume = {768},
       number = {2},
          eid = {139},
        pages = {139},
          doi = {10.1088/0004-637X/768/2/139},
archivePrefix = {arXiv},
       eprint = {1210.6039},
 primaryClass = {astro-ph.GA},
       adsurl = {https://ui.adsabs.harvard.edu/abs/2013ApJ...768..139S},
      adsnote = {Provided by the SAO/NASA Astrophysics Data System}
}

@ARTICLE{sohn17,
       author = {{Sohn}, Sangmo Tony and {Patel}, Ekta and {Besla}, Gurtina and {van der Marel}, Roeland P. and {Bullock}, James S. and {Strigari}, Louis E. and {van de Ven}, Glenn and {Walker}, Matt G. and {Bellini}, Andrea},
        title = "{Space Motions of the Dwarf Spheroidal Galaxies Draco and Sculptor Based on HST Proper Motions with a {\ensuremath{\sim}}10 yr Time Baseline}",
      journal = {\apj},
     keywords = {galaxies: dwarf, Galaxy: halo, Galaxy: kinematics and dynamics, proper motions, Astrophysics - Astrophysics of Galaxies},
         year = 2017,
        month = nov,
       volume = {849},
       number = {2},
          eid = {93},
        pages = {93},
          doi = {10.3847/1538-4357/aa917b},
archivePrefix = {arXiv},
       eprint = {1707.02593},
 primaryClass = {astro-ph.GA},
       adsurl = {https://ui.adsabs.harvard.edu/abs/2017ApJ...849...93S},
      adsnote = {Provided by the SAO/NASA Astrophysics Data System}
}

@ARTICLE{laudari22,
       author = {{Laudari}, Sunil and {J{\'a}chym}, Pavel and {Sun}, Ming and {Waldron}, Will and {Chatzikos}, Marios and {Kenney}, Jeffrey and {Luo}, Rongxin and {Nulsen}, Paul and {Sarazin}, Craig and {Combes}, Fran{\c{c}}oise and {Edge}, Tim and {Voit}, Mark and {Donahue}, Megan and {Cortese}, Luca},
        title = "{ESO 137-002: a large spiral undergoing edge-on ram-pressure stripping with little star formation in the tail}",
      journal = {\mnras},
     keywords = {galaxies: clusters: individual: Abell 3627, galaxies: evolution, galaxies: individual: ESO 137-002, galaxies: star clusters: individual: star formation-galaxies: interactions, Astrophysics - Astrophysics of Galaxies},
         year = 2022,
        month = jan,
       volume = {509},
       number = {3},
        pages = {3938-3956},
          doi = {10.1093/mnras/stab3280},
archivePrefix = {arXiv},
       eprint = {2111.01821},
 primaryClass = {astro-ph.GA},
       adsurl = {https://ui.adsabs.harvard.edu/abs/2022MNRAS.509.3938L},
      adsnote = {Provided by the SAO/NASA Astrophysics Data System}
}

@ARTICLE{blair14,
       author = {{Blair}, William P. and {Chandar}, Rupali and {Dopita}, Michael A. and {Ghavamian}, Parviz and {Hammer}, Derek and {Kuntz}, K.~D. and {Long}, Knox S. and {Soria}, Roberto and {Whitmore}, Bradley C. and {Winkler}, P. Frank},
        title = "{An Expanded HST/WFC3 Survey of M83: Project Overview and Targeted Supernova Remnant Search}",
      journal = {\apj},
     keywords = {galaxies: ISM, galaxies: individual: M83, ISM: supernova remnants, Astrophysics - Astrophysics of Galaxies},
         year = 2014,
        month = jun,
       volume = {788},
       number = {1},
          eid = {55},
        pages = {55},
          doi = {10.1088/0004-637X/788/1/55},
archivePrefix = {arXiv},
       eprint = {1404.7179},
 primaryClass = {astro-ph.GA},
       adsurl = {https://ui.adsabs.harvard.edu/abs/2014ApJ...788...55B},
      adsnote = {Provided by the SAO/NASA Astrophysics Data System}
}

@ARTICLE{Carleton17,
       author = {{Carleton}, Timothy and {Cooper}, Michael C. and {Bolatto}, Alberto D. and {Bournaud}, Frederic and {Combes}, Fran{\c{c}}oise and {Freundlich}, Jonathan and {Garcia-Burillo}, Santiago and {Genzel}, Reinhard and {Neri}, Roberto and {Tacconi}, Linda J. and {Sandstrom}, Karin M. and {Weiner}, Benjamin J. and {Weiss}, Axel},
        title = "{PHIBSS: exploring the dependence of the CO-H$_{2}$ conversion factor on total mass surface density at z<1.5}",
      journal = {\mnras},
     keywords = {ISM: molecules, galaxies: evolution, galaxies: formation, galaxies: high-redshift, galaxies: ISM, galaxies: star formation, Astrophysics - Astrophysics of Galaxies},
         year = 2017,
        month = jun,
       volume = {467},
       number = {4},
        pages = {4886-4901},
          doi = {10.1093/mnras/stx390},
archivePrefix = {arXiv},
       eprint = {1611.04587},
 primaryClass = {astro-ph.GA},
       adsurl = {https://ui.adsabs.harvard.edu/abs/2017MNRAS.467.4886C},
      adsnote = {Provided by the SAO/NASA Astrophysics Data System}
}

@ARTICLE{gonzalez21,
       author = {{Gonzalez}, Anthony H. and {George}, Tyler and {Connor}, Thomas and {Deason}, Alis and {Donahue}, Megan and {Montes}, Mireia and {Zabludoff}, Ann I. and {Zaritsky}, Dennis},
        title = "{Discovery of a possible splashback feature in the intracluster light of MACS J1149.5+2223}",
      journal = {\mnras},
     keywords = {galaxies: clusters: general, galaxies: evolution, Astrophysics - Cosmology and Nongalactic Astrophysics},
         year = 2021,
        month = oct,
       volume = {507},
       number = {1},
        pages = {963-970},
          doi = {10.1093/mnras/stab2117},
archivePrefix = {arXiv},
       eprint = {2104.04306},
 primaryClass = {astro-ph.CO},
       adsurl = {https://ui.adsabs.harvard.edu/abs/2021MNRAS.507..963G},
      adsnote = {Provided by the SAO/NASA Astrophysics Data System}
}

@ARTICLE{mo16,
       author = {{Mo}, Wenli and {Gonzalez}, Anthony and {Jee}, M. James and {Massey}, Richard and {Rhodes}, Jason and {Brodwin}, Mark and {Eisenhardt}, Peter and {Marrone}, Daniel P. and {Stanford}, S.~A. and {Zeimann}, Gregory R.},
        title = "{IDCS J1426.5+3508: Weak Lensing Analysis of a Massive Galaxy Cluster at z = 1.75}",
      journal = {\apjl},
     keywords = {cosmology: observations, dark matter, galaxies: clusters: individual: IDCS J1426.5+3508, gravitational lensing: weak, Astrophysics - Cosmology and Nongalactic Astrophysics},
         year = 2016,
        month = feb,
       volume = {818},
       number = {2},
          eid = {L25},
        pages = {L25},
          doi = {10.3847/2041-8205/818/2/L25},
archivePrefix = {arXiv},
       eprint = {1601.07967},
 primaryClass = {astro-ph.CO},
       adsurl = {https://ui.adsabs.harvard.edu/abs/2016ApJ...818L..25M},
      adsnote = {Provided by the SAO/NASA Astrophysics Data System}
}

@ARTICLE{massey15,
       author = {{Massey}, Richard and {Williams}, Liliya and {Smit}, Renske and {Swinbank}, Mark and {Kitching}, Thomas D. and {Harvey}, David and {Jauzac}, Mathilde and {Israel}, Holger and {Clowe}, Douglas and {Edge}, Alastair and {Hilton}, Matt and {Jullo}, Eric and {Leonard}, Adrienne and {Liesenborgs}, Jori and {Merten}, Julian and {Mohammed}, Irshad and {Nagai}, Daisuke and {Richard}, Johan and {Robertson}, Andrew and {Saha}, Prasenjit and {Santana}, Rebecca and {Stott}, John and {Tittley}, Eric},
        title = "{The behaviour of dark matter associated with four bright cluster galaxies in the 10 kpc core of Abell 3827}",
      journal = {\mnras},
     keywords = {astroparticle physics, gravitational lensing: strong, galaxies: clusters: individual: Abell 3827, dark matter, Astrophysics - Cosmology and Nongalactic Astrophysics, Astrophysics - Astrophysics of Galaxies, High Energy Physics - Phenomenology},
         year = 2015,
        month = jun,
       volume = {449},
       number = {4},
        pages = {3393-3406},
          doi = {10.1093/mnras/stv467},
archivePrefix = {arXiv},
       eprint = {1504.03388},
 primaryClass = {astro-ph.CO},
       adsurl = {https://ui.adsabs.harvard.edu/abs/2015MNRAS.449.3393M},
      adsnote = {Provided by the SAO/NASA Astrophysics Data System}
}

@ARTICLE{massey18,
       author = {{Massey}, Richard and {Harvey}, David and {Liesenborgs}, Jori and {Richard}, Johan and {Stach}, Stuart and {Swinbank}, Mark and {Taylor}, Peter and {Williams}, Liliya and {Clowe}, Douglas and {Courbin}, Fr{\'e}d{\'e}ric and {Edge}, Alastair and {Israel}, Holger and {Jauzac}, Mathilde and {Joseph}, R{\'e}my and {Jullo}, Eric and {Kitching}, Thomas D. and {Leonard}, Adrienne and {Merten}, Julian and {Nagai}, Daisuke and {Nightingale}, James and {Robertson}, Andrew and {Romualdez}, Luis Javier and {Saha}, Prasenjit and {Smit}, Renske and {Tam}, Sut-Ieng and {Tittley}, Eric},
        title = "{Dark matter dynamics in Abell 3827: new data consistent with standard cold dark matter}",
      journal = {\mnras},
     keywords = {astroparticle physics, gravitational lensing: strong, galaxies: clusters: individual: Abell 3827, dark matter, Astrophysics - Cosmology and Nongalactic Astrophysics, Astrophysics - Astrophysics of Galaxies},
         year = 2018,
        month = jun,
       volume = {477},
       number = {1},
        pages = {669-677},
          doi = {10.1093/mnras/sty630},
archivePrefix = {arXiv},
       eprint = {1708.04245},
 primaryClass = {astro-ph.CO},
       adsurl = {https://ui.adsabs.harvard.edu/abs/2018MNRAS.477..669M},
      adsnote = {Provided by the SAO/NASA Astrophysics Data System}
}

@ARTICLE{chen15,
       author = {{Chen}, Chian-Chou and {Smail}, Ian and {Swinbank}, A.~M. and {Simpson}, J.~M. and {Ma}, Cheng-Jiun and {Alexander}, D.~M. and {Biggs}, A.~D. and {Brandt}, W.~N. and {Chapman}, S.~C. and {Coppin}, K.~E.~K. and {Danielson}, A.~L.~R. and {Dannerbauer}, H. and {Edge}, A.~C. and {Greve}, T.~R. and {Ivison}, R.~J. and {Karim}, A. and {Menten}, Karl M. and {Schinnerer}, E. and {Walter}, F. and {Wardlow}, J.~L. and {Wei{\ss}}, A. and {van der Werf}, P.~P.},
        title = "{An ALMA Survey of Submillimeter Galaxies in the Extended Chandra Deep Field South: Near-infrared Morphologies and Stellar Sizes}",
      journal = {\apj},
     keywords = {cosmology: observations, galaxies: formation, galaxies: starburst, submillimeter: galaxies, Astrophysics - Astrophysics of Galaxies, Astrophysics - Cosmology and Nongalactic Astrophysics},
         year = 2015,
        month = feb,
       volume = {799},
       number = {2},
          eid = {194},
        pages = {194},
          doi = {10.1088/0004-637X/799/2/194},
archivePrefix = {arXiv},
       eprint = {1412.0668},
 primaryClass = {astro-ph.GA},
       adsurl = {https://ui.adsabs.harvard.edu/abs/2015ApJ...799..194C},
      adsnote = {Provided by the SAO/NASA Astrophysics Data System}
}

@ARTICLE{rejkuba14,
       author = {{Rejkuba}, M. and {Harris}, W.~E. and {Greggio}, L. and {Harris}, G.~L.~H. and {Jerjen}, H. and {Gonzalez}, O.~A.},
        title = "{Tracing the Outer Halo in a Giant Elliptical to 25 R $_{eff}$}",
      journal = {\apjl},
     keywords = {galaxies: elliptical and lenticular, cD, galaxies: halos, galaxies: individual: NGC 5128, galaxies: stellar content, Astrophysics - Astrophysics of Galaxies},
         year = 2014,
        month = aug,
       volume = {791},
       number = {1},
          eid = {L2},
        pages = {L2},
          doi = {10.1088/2041-8205/791/1/L2},
archivePrefix = {arXiv},
       eprint = {1406.4627},
 primaryClass = {astro-ph.GA},
       adsurl = {https://ui.adsabs.harvard.edu/abs/2014ApJ...791L...2R},
      adsnote = {Provided by the SAO/NASA Astrophysics Data System}
}

@ARTICLE{bradavc14,
       author = {{Brada{\v{c}}}, Maru{\v{s}}a and {Ryan}, Russell and {Casertano}, Stefano and {Huang}, Kuang-Han and {Lemaux}, Brian C. and {Schrabback}, Tim and {Gonzalez}, Anthony H. and {Allen}, Steve and {Cain}, Benjamin and {Gladders}, Mike and {Hall}, Nicholas and {Hildebrandt}, Hendrik and {Hinz}, Joannah and {von der Linden}, Anja and {Lubin}, Lori and {Treu}, Tommaso and {Zaritsky}, Dennis},
        title = "{Spitzer Ultra Faint SUrvey Program (SURFS UP). I. An Overview}",
      journal = {\apj},
     keywords = {dark ages, reionization, first stars, galaxies: clusters: individual, galaxies: high-redshift, gravitational lensing: strong, Astrophysics - Cosmology and Nongalactic Astrophysics},
         year = 2014,
        month = apr,
       volume = {785},
       number = {2},
          eid = {108},
        pages = {108},
          doi = {10.1088/0004-637X/785/2/108},
archivePrefix = {arXiv},
       eprint = {1402.2352},
 primaryClass = {astro-ph.CO},
       adsurl = {https://ui.adsabs.harvard.edu/abs/2014ApJ...785..108B},
      adsnote = {Provided by the SAO/NASA Astrophysics Data System}
}

@ARTICLE{lunnan15,
       author = {{Lunnan}, R. and {Chornock}, R. and {Berger}, E. and {Rest}, A. and {Fong}, W. and {Scolnic}, D. and {Jones}, D.~O. and {Soderberg}, A.~M. and {Challis}, P.~M. and {Drout}, M.~R. and {Foley}, R.~J. and {Huber}, M.~E. and {Kirshner}, R.~P. and {Leibler}, C. and {Marion}, G.~H. and {McCrum}, M. and {Milisavljevic}, D. and {Narayan}, G. and {Sanders}, N.~E. and {Smartt}, S.~J. and {Smith}, K.~W. and {Tonry}, J.~L. and {Burgett}, W.~S. and {Chambers}, K.~C. and {Flewelling}, H. and {Kudritzki}, R. -P. and {Wainscoat}, R.~J. and {Waters}, C.},
        title = "{Zooming In on the Progenitors of Superluminous Supernovae With the HST}",
      journal = {\apj},
     keywords = {galaxies: dwarf, galaxies: star formation, supernovae: general, Astrophysics - High Energy Astrophysical Phenomena},
         year = 2015,
        month = may,
       volume = {804},
       number = {2},
          eid = {90},
        pages = {90},
          doi = {10.1088/0004-637X/804/2/90},
archivePrefix = {arXiv},
       eprint = {1411.1060},
 primaryClass = {astro-ph.HE},
       adsurl = {https://ui.adsabs.harvard.edu/abs/2015ApJ...804...90L},
      adsnote = {Provided by the SAO/NASA Astrophysics Data System}
}

@ARTICLE{sharon17,
       author = {{Sharon}, Keren and {Bayliss}, Matthew B. and {Dahle}, H{\r{a}}kon and {Florian}, Michael K. and {Gladders}, Michael D. and {Johnson}, Traci L. and {Paterno-Mahler}, Rachel and {Rigby}, Jane R. and {Whitaker}, Katherine E. and {Wuyts}, Eva},
        title = "{Lens Model and Time Delay Predictions for the Sextuply Lensed Quasar SDSS J2222+2745}",
      journal = {\apj},
     keywords = {galaxies: clusters: general, galaxies: clusters: individual: SDSS J2222+2745, gravitational lensing: strong, Astrophysics - Astrophysics of Galaxies, Astrophysics - Cosmology and Nongalactic Astrophysics},
         year = 2017,
        month = jan,
       volume = {835},
       number = {1},
          eid = {5},
        pages = {5},
          doi = {10.3847/1538-4357/835/1/5},
archivePrefix = {arXiv},
       eprint = {1609.08848},
 primaryClass = {astro-ph.GA},
       adsurl = {https://ui.adsabs.harvard.edu/abs/2017ApJ...835....5S},
      adsnote = {Provided by the SAO/NASA Astrophysics Data System}
}

@ARTICLE{golovich17,
       author = {{Golovich}, Nathan and {van Weeren}, Reinout J. and {Dawson}, William A. and {Jee}, M. James and {Wittman}, David},
        title = "{MC$^{2}$: Multiwavelength and Dynamical Analysis of the Merging Galaxy Cluster ZwCl 0008.8+5215: An Older and Less Massive Bullet Cluster}",
      journal = {\apj},
     keywords = {galaxies: clusters: individual: ZwCl 0008.8+5215, galaxies: clusters: intracluster medium, gravitational lensing: weak, large-scale structure of universe, X-rays: galaxies: clusters, Astrophysics - Astrophysics of Galaxies, Astrophysics - Cosmology and Nongalactic Astrophysics},
         year = 2017,
        month = apr,
       volume = {838},
       number = {2},
          eid = {110},
        pages = {110},
          doi = {10.3847/1538-4357/aa667f},
archivePrefix = {arXiv},
       eprint = {1703.04803},
 primaryClass = {astro-ph.GA},
       adsurl = {https://ui.adsabs.harvard.edu/abs/2017ApJ...838..110G},
      adsnote = {Provided by the SAO/NASA Astrophysics Data System}
}

@ARTICLE{jee16,
       author = {{Jee}, M. James and {Dawson}, William A. and {Stroe}, Andra and {Wittman}, David and {van Weeren}, Reinout J. and {Br{\"u}ggen}, Marcus and {Brada{\v{c}}}, Maru{\v{s}}a and {R{\"o}ttgering}, Huub},
        title = "{MC2: Mapping the Dark Matter Distribution of the ``Toothbrush'' Cluster RX J0603.3+4214 with Hubble Space Telescope and Subaru Weak Lensing}",
      journal = {\apj},
     keywords = {cosmology: observations, dark matter, galaxies: clusters: individual: RX J0603.3+4214, galaxies: high-redshift, gravitational lensing: weak, X-rays: galaxies: clusters, Astrophysics - Cosmology and Nongalactic Astrophysics},
         year = 2016,
        month = feb,
       volume = {817},
       number = {2},
          eid = {179},
        pages = {179},
          doi = {10.3847/0004-637X/817/2/179},
archivePrefix = {arXiv},
       eprint = {1510.03486},
 primaryClass = {astro-ph.CO},
       adsurl = {https://ui.adsabs.harvard.edu/abs/2016ApJ...817..179J},
      adsnote = {Provided by the SAO/NASA Astrophysics Data System}
}

@ARTICLE{finner21,
       author = {{Finner}, Kyle and {HyeongHan}, Kim and {Jee}, M. James and {Wittman}, David and {Forman}, William R. and {van Weeren}, Reinout J. and {Golovich}, Nathan R. and {Dawson}, William A. and {Jones}, Alexander and {de Gasperin}, Francesco and {Jones}, Christine},
        title = "{Exemplary Merging Clusters: Weak-lensing and X-Ray Analysis of the Double Radio Relic, Merging Galaxy Clusters MACS J1752.0+4440 and ZWCL 1856.8+6616}",
      journal = {\apj},
     keywords = {Galaxy clusters, Shocks, Weak gravitational lensing, Dark matter, Hubble Space Telescope, 584, 2086, 1797, 353, 761, Astrophysics - Astrophysics of Galaxies, Astrophysics - High Energy Astrophysical Phenomena},
         year = 2021,
        month = sep,
       volume = {918},
       number = {2},
          eid = {72},
        pages = {72},
          doi = {10.3847/1538-4357/ac0d00},
archivePrefix = {arXiv},
       eprint = {2010.02226},
 primaryClass = {astro-ph.GA},
       adsurl = {https://ui.adsabs.harvard.edu/abs/2021ApJ...918...72F},
      adsnote = {Provided by the SAO/NASA Astrophysics Data System}
}

@ARTICLE{jee15,
       author = {{Jee}, M. James and {Stroe}, Andra and {Dawson}, William and {Wittman}, David and {Hoekstra}, Henk and {Br{\"u}ggen}, Marcus and {R{\"o}ttgering}, Huub and {Sobral}, David and {van Weeren}, Reinout J.},
        title = "{MC $^{2}$: Constraining the Dark Matter Distribution of the Violent Merging Galaxy Cluster CIZA J2242.8+5301 by Piercing through the Milky Way}",
      journal = {\apj},
     keywords = {gravitational lensing: weak, Astrophysics - Cosmology and Nongalactic Astrophysics},
         year = 2015,
        month = mar,
       volume = {802},
       number = {1},
          eid = {46},
        pages = {46},
          doi = {10.1088/0004-637X/802/1/46},
archivePrefix = {arXiv},
       eprint = {1410.2898},
 primaryClass = {astro-ph.CO},
       adsurl = {https://ui.adsabs.harvard.edu/abs/2015ApJ...802...46J},
      adsnote = {Provided by the SAO/NASA Astrophysics Data System}
}

@ARTICLE{rodney15,
       author = {{Rodney}, Steven A. and {Patel}, Brandon and {Scolnic}, Daniel and {Foley}, Ryan J. and {Molino}, Alberto and {Brammer}, Gabriel and {Jauzac}, Mathilde and {Brada{\v{c}}}, Maru{\v{s}}a and {Broadhurst}, Tom and {Coe}, Dan and {Diego}, Jose M. and {Graur}, Or and {Hjorth}, Jens and {Hoag}, Austin and {Jha}, Saurabh W. and {Johnson}, Traci L. and {Kelly}, Patrick and {Lam}, Daniel and {McCully}, Curtis and {Medezinski}, Elinor and {Meneghetti}, Massimo and {Merten}, Julian and {Richard}, Johan and {Riess}, Adam and {Sharon}, Keren and {Strolger}, Louis-Gregory and {Treu}, Tommaso and {Wang}, Xin and {Williams}, Liliya L.~R. and {Zitrin}, Adi},
        title = "{Illuminating a Dark Lens : A Type Ia Supernova Magnified by the Frontier Fields Galaxy Cluster Abell 2744}",
      journal = {\apj},
     keywords = {galaxies: clusters: general, galaxies: clusters: individual: Abell 2744, gravitational lensing: strong, gravitational lensing: weak, supernovae: general, supernovae: individual: HFF14Tom, Astrophysics - Cosmology and Nongalactic Astrophysics},
         year = 2015,
        month = sep,
       volume = {811},
       number = {1},
          eid = {70},
        pages = {70},
          doi = {10.1088/0004-637X/811/1/70},
archivePrefix = {arXiv},
       eprint = {1505.06211},
 primaryClass = {astro-ph.CO},
       adsurl = {https://ui.adsabs.harvard.edu/abs/2015ApJ...811...70R},
      adsnote = {Provided by the SAO/NASA Astrophysics Data System}
}

@ARTICLE{rodney18,
       author = {{Rodney}, S.~A. and {Balestra}, I. and {Bradac}, M. and {Brammer}, G. and {Broadhurst}, T. and {Caminha}, G.~B. and {Chiriv{\i}}, G. and {Diego}, J.~M. and {Filippenko}, A.~V. and {Foley}, R.~J. and {Graur}, O. and {Grillo}, C. and {Hemmati}, S. and {Hjorth}, J. and {Hoag}, A. and {Jauzac}, M. and {Jha}, S.~W. and {Kawamata}, R. and {Kelly}, P.~L. and {McCully}, C. and {Mobasher}, B. and {Molino}, A. and {Oguri}, M. and {Richard}, J. and {Riess}, A.~G. and {Rosati}, P. and {Schmidt}, K.~B. and {Selsing}, J. and {Sharon}, K. and {Strolger}, L. -G. and {Suyu}, S.~H. and {Treu}, T. and {Weiner}, B.~J. and {Williams}, L.~L.~R. and {Zitrin}, A.},
        title = "{Two peculiar fast transients in a strongly lensed host galaxy}",
      journal = {Nature Astronomy},
     keywords = {Astrophysics - Astrophysics of Galaxies, Astrophysics - Solar and Stellar Astrophysics},
         year = 2018,
        month = apr,
       volume = {2},
        pages = {324-333},
          doi = {10.1038/s41550-018-0405-4},
archivePrefix = {arXiv},
       eprint = {1707.02434},
 primaryClass = {astro-ph.GA},
       adsurl = {https://ui.adsabs.harvard.edu/abs/2018NatAs...2..324R},
      adsnote = {Provided by the SAO/NASA Astrophysics Data System}
}

@ARTICLE{hillis16,
       author = {{Hillis}, Tristan J. and {Williams}, Benjamin F. and {Dolphin}, Andrew E. and {Dalcanton}, Julianne J. and {Skillman}, Evan D.},
        title = "{Isolating the Young Stellar Population in the Outer Disk of NGC 300}",
      journal = {\apj},
     keywords = {galaxies: individual: NGC 300, galaxies: spiral, galaxies: stellar content, galaxies: structure, Astrophysics - Astrophysics of Galaxies},
         year = 2016,
        month = nov,
       volume = {831},
       number = {2},
          eid = {191},
        pages = {191},
          doi = {10.3847/0004-637X/831/2/191},
archivePrefix = {arXiv},
       eprint = {1609.02106},
 primaryClass = {astro-ph.GA},
       adsurl = {https://ui.adsabs.harvard.edu/abs/2016ApJ...831..191H},
      adsnote = {Provided by the SAO/NASA Astrophysics Data System}
}

@ARTICLE{worrall12,
       author = {{Worrall}, D.~M. and {Birkinshaw}, M. and {Young}, A.~J. and {Momtahan}, K. and {Fosbury}, R.~A.~E. and {Morganti}, R. and {Tadhunter}, C.~N. and {Verdoes Kleijn}, G.},
        title = "{The jet-cloud interacting radio galaxy PKS B2152-699 - I. Structures revealed in new deep radio and X-ray observations}",
      journal = {\mnras},
     keywords = {galaxies: active, galaxies: individual: PKS B2152-699, galaxies: jets, radio continuum: galaxies, X-rays: galaxies, Astrophysics - High Energy Astrophysical Phenomena},
         year = 2012,
        month = aug,
       volume = {424},
       number = {2},
        pages = {1346-1362},
          doi = {10.1111/j.1365-2966.2012.21320.x},
archivePrefix = {arXiv},
       eprint = {1205.4726},
 primaryClass = {astro-ph.HE},
       adsurl = {https://ui.adsabs.harvard.edu/abs/2012MNRAS.424.1346W},
      adsnote = {Provided by the SAO/NASA Astrophysics Data System}
}

@ARTICLE{jencson22,
       author = {{Jencson}, Jacob E. and {Sand}, David J. and {Andrews}, Jennifer E. and {Smith}, Nathan and {Pearson}, Jeniveve and {Strader}, Jay and {Valenti}, Stefano and {Beasor}, Emma R. and {Rothberg}, Barry},
        title = "{An Exceptional Dimming Event for a Massive, Cool Supergiant in M51}",
      journal = {\apj},
     keywords = {Red supergiant stars, Peculiar variable stars, Stellar mass loss, Evolved stars, 1375, 1202, 1613, 481, Astrophysics - Solar and Stellar Astrophysics, Astrophysics - High Energy Astrophysical Phenomena},
         year = 2022,
        month = may,
       volume = {930},
       number = {1},
          eid = {81},
        pages = {81},
          doi = {10.3847/1538-4357/ac626c},
archivePrefix = {arXiv},
       eprint = {2110.11376},
 primaryClass = {astro-ph.SR},
       adsurl = {https://ui.adsabs.harvard.edu/abs/2022ApJ...930...81J},
      adsnote = {Provided by the SAO/NASA Astrophysics Data System}
}

@ARTICLE{sand17,
       author = {{Sand}, D.~J. and {Seth}, A.~C. and {Crnojevi{\'c}}, D. and {Spekkens}, K. and {Strader}, J. and {Adams}, E.~A.~K. and {Caldwell}, N. and {Guhathakurta}, P. and {Kenney}, J. and {Randall}, S. and {Simon}, J.~D. and {Toloba}, E. and {Willman}, B.},
        title = "{Hubble Space Telescope  Imaging of the Ultra-compact High Velocity Cloud AGC 226067: A Stripped Remnant in the Virgo Cluster}",
      journal = {\apj},
     keywords = {galaxies: dwarf, Astrophysics - Astrophysics of Galaxies},
         year = 2017,
        month = jul,
       volume = {843},
       number = {2},
          eid = {134},
        pages = {134},
          doi = {10.3847/1538-4357/aa7557},
archivePrefix = {arXiv},
       eprint = {1702.07719},
 primaryClass = {astro-ph.GA},
       adsurl = {https://ui.adsabs.harvard.edu/abs/2017ApJ...843..134S},
      adsnote = {Provided by the SAO/NASA Astrophysics Data System}
}

@ARTICLE{bennet22,
       author = {{Bennet}, P. and {Sand}, D.~J. and {Crnojevi{\'c}}, D. and {Weisz}, D.~R. and {Caldwell}, N. and {Guhathakurta}, P. and {Hargis}, J.~R. and {Karunakaran}, A. and {Mutlu-Pakdil}, B. and {Olszewski}, E. and {Salzer}, J.~J. and {Seth}, A.~C. and {Simon}, J.~D. and {Spekkens}, K. and {Stark}, D.~P. and {Strader}, J. and {Tollerud}, E.~J. and {Toloba}, E. and {Willman}, B.},
        title = "{Hubble Space Telescope Imaging of Isolated Local Volume Dwarfs GALFA Dw3 and Dw4}",
      journal = {\apj},
     keywords = {416, 417, 590, 756, 1569, 1371, Astrophysics - Astrophysics of Galaxies},
         year = 2022,
        month = jan,
       volume = {924},
       number = {2},
          eid = {98},
        pages = {98},
          doi = {10.3847/1538-4357/ac356c},
archivePrefix = {arXiv},
       eprint = {2101.08270},
 primaryClass = {astro-ph.GA},
       adsurl = {https://ui.adsabs.harvard.edu/abs/2022ApJ...924...98B},
      adsnote = {Provided by the SAO/NASA Astrophysics Data System}
}

@ARTICLE{mccully22,
       author = {{McCully}, Curtis and {Jha}, Saurabh W. and {Scalzo}, Richard A. and {Howell}, D. Andrew and {Foley}, Ryan J. and {Zeng}, Yaotian and {Liu}, Zheng-Wei and {Hosseinzadeh}, Griffin and {Bildsten}, Lars and {Riess}, Adam G. and {Kirshner}, Robert P. and {Marion}, G.~H. and {Camacho-Neves}, Yssavo},
        title = "{Still Brighter than Pre-explosion, SN 2012Z Did Not Disappear: Comparing Hubble Space Telescope Observations a Decade Apart}",
      journal = {\apj},
     keywords = {1668, Astrophysics - High Energy Astrophysical Phenomena, Astrophysics - Solar and Stellar Astrophysics},
         year = 2022,
        month = feb,
       volume = {925},
       number = {2},
          eid = {138},
        pages = {138},
          doi = {10.3847/1538-4357/ac3bbd},
archivePrefix = {arXiv},
       eprint = {2106.04602},
 primaryClass = {astro-ph.HE},
       adsurl = {https://ui.adsabs.harvard.edu/abs/2022ApJ...925..138M},
      adsnote = {Provided by the SAO/NASA Astrophysics Data System}
}

@ARTICLE{folatelli16,
       author = {{Folatelli}, Gast{\'o}n and {Van Dyk}, Schuyler D. and {Kuncarayakti}, Hanindyo and {Maeda}, Keiichi and {Bersten}, Melina C. and {Nomoto}, Ken'ichi and {Pignata}, Giuliano and {Hamuy}, Mario and {Quimby}, Robert M. and {Zheng}, WeiKang and {Filippenko}, Alexei V. and {Clubb}, Kelsey I. and {Smith}, Nathan and {Elias-Rosa}, Nancy and {Foley}, Ryan J. and {Miller}, Adam A.},
        title = "{Disappearance of the Progenitor of Supernova iPTF13bvn}",
      journal = {\apjl},
     keywords = {galaxies: individual: NGC 5806, stars: evolution, supernovae: general, supernovae: individual: iPTF13bvn, Astrophysics - Solar and Stellar Astrophysics, Astrophysics - High Energy Astrophysical Phenomena},
         year = 2016,
        month = jul,
       volume = {825},
       number = {2},
          eid = {L22},
        pages = {L22},
          doi = {10.3847/2041-8205/825/2/L22},
archivePrefix = {arXiv},
       eprint = {1604.06821},
 primaryClass = {astro-ph.SR},
       adsurl = {https://ui.adsabs.harvard.edu/abs/2016ApJ...825L..22F},
      adsnote = {Provided by the SAO/NASA Astrophysics Data System}
}

@ARTICLE{newman18,
       author = {{Newman}, Andrew B. and {Belli}, Sirio and {Ellis}, Richard S. and {Patel}, Shannon G.},
        title = "{Resolving Quiescent Galaxies at z {\ensuremath{\gtrsim}} 2. I. Search for Gravitationally Lensed Sources and Characterization of Their Structure, Stellar Populations, and Line Emission}",
      journal = {\apj},
     keywords = {galaxies: elliptical and lenticular, cD, galaxies: evolution, gravitational lensing: strong, Astrophysics - Astrophysics of Galaxies},
         year = 2018,
        month = aug,
       volume = {862},
       number = {2},
          eid = {125},
        pages = {125},
          doi = {10.3847/1538-4357/aacd4d},
archivePrefix = {arXiv},
       eprint = {1806.06814},
 primaryClass = {astro-ph.GA},
       adsurl = {https://ui.adsabs.harvard.edu/abs/2018ApJ...862..125N},
      adsnote = {Provided by the SAO/NASA Astrophysics Data System}
}

@ARTICLE{simon21,
       author = {{Simon}, Joshua D. and {Brown}, Thomas M. and {Drlica-Wagner}, Alex and {Li}, Ting S. and {Avila}, Roberto J. and {Bechtol}, Keith and {Clementini}, Gisella and {Crnojevi{\'c}}, Denija and {Garofalo}, Alessia and {Geha}, Marla and {Sand}, David J. and {Strader}, Jay and {Willman}, Beth},
        title = "{Eridanus II: A Fossil from Reionization with an Off-center Star Cluster}",
      journal = {\apj},
     keywords = {Dwarf galaxies, Local Group, Globular star clusters, Stellar populations, Galaxy ages, Dark matter, Galaxy structure, 416, 929, 656, 1622, 576, 353, 622, Astrophysics - Astrophysics of Galaxies, Astrophysics - Cosmology and Nongalactic Astrophysics},
         year = 2021,
        month = feb,
       volume = {908},
       number = {1},
          eid = {18},
        pages = {18},
          doi = {10.3847/1538-4357/abd31b},
archivePrefix = {arXiv},
       eprint = {2012.00043},
 primaryClass = {astro-ph.GA},
       adsurl = {https://ui.adsabs.harvard.edu/abs/2021ApJ...908...18S},
      adsnote = {Provided by the SAO/NASA Astrophysics Data System}
}

@ARTICLE{zohren22,
       author = {{Zohren}, Hannah and {Schrabback}, Tim and {Bocquet}, Sebastian and {Sommer}, Martin and {Raihan}, Fatimah and {Hern{\'a}ndez-Mart{\'\i}n}, Beatriz and {Marggraf}, Ole and {Ansarinejad}, Behzad and {Bayliss}, Matthew B. and {Bleem}, Lindsey E. and {Erben}, Thomas and {Hoekstra}, Henk and {Floyd}, Benjamin and {Gladders}, Michael D. and {Kleinebreil}, Florian and {McDonald}, Michael A. and {Schirmer}, Mischa and {Scognamiglio}, Diana and {Sharon}, Keren and {Wright}, Angus H.},
        title = "{Extending empirical constraints on the SZ-mass scaling relation to higher redshifts via HST weak lensing measurements of nine clusters from the SPT-SZ survey at $zrsim1$}",
      journal = {arXiv e-prints},
     keywords = {Astrophysics - Cosmology and Nongalactic Astrophysics},
         year = 2022,
        month = aug,
          eid = {arXiv:2208.10232},
        pages = {arXiv:2208.10232},
archivePrefix = {arXiv},
       eprint = {2208.10232},
 primaryClass = {astro-ph.CO},
       adsurl = {https://ui.adsabs.harvard.edu/abs/2022arXiv220810232Z},
      adsnote = {Provided by the SAO/NASA Astrophysics Data System}
}

@ARTICLE{sharon20,
       author = {{Sharon}, Keren and {Bayliss}, Matthew B. and {Dahle}, H{\r{a}}kon and {Dunham}, Samuel J. and {Florian}, Michael K. and {Gladders}, Michael D. and {Johnson}, Traci L. and {Mahler}, Guillaume and {Paterno-Mahler}, Rachel and {Rigby}, Jane R. and {Whitaker}, Katherine E. and {Akhshik}, Mohammad and {Koester}, Benjamin P. and {Murray}, Katherine and {Remolina Gonz{\'a}lez}, Juan David and {Wuyts}, Eva},
        title = "{Strong Lens Models for 37 Clusters of Galaxies from the SDSS Giant Arcs Survey}",
      journal = {\apjs},
     keywords = {Galaxy clusters, Strong gravitational lensing, Gravitational lensing, Dark matter, Star forming regions, Observational astronomy, High-redshift galaxies, Spectroscopy, 584, 1643, 670, 353, 1565, 1145, 734, 1558, Astrophysics - Astrophysics of Galaxies, Astrophysics - Cosmology and Nongalactic Astrophysics},
         year = 2020,
        month = mar,
       volume = {247},
       number = {1},
          eid = {12},
        pages = {12},
          doi = {10.3847/1538-4365/ab5f13},
archivePrefix = {arXiv},
       eprint = {1904.05940},
 primaryClass = {astro-ph.GA},
       adsurl = {https://ui.adsabs.harvard.edu/abs/2020ApJS..247...12S},
      adsnote = {Provided by the SAO/NASA Astrophysics Data System}
}

@MISC{bellini17,
       author = {{Bellini}, A. and {Grogin}, N.~A. and {Hathi}, N. and {Brown}, T.~M.},
        title = "{The Hubble Space Telescope ``Program of Last Resort''}",
     keywords = {Hubble Space Telescope, HST, Advanced Camera for Surveys, ACS, Wide Field Chanel, WFC, Space Telescope Science Institute, STScI},
 howpublished = {Instrument Science Report ACS 2017-12, 28 pages},
         year = 2017,
        month = sep,
        pages = {12},
       adsurl = {https://ui.adsabs.harvard.edu/abs/2017acs..rept...12B},
      adsnote = {Provided by the SAO/NASA Astrophysics Data System}
}

@ARTICLE{kim21,
       author = {{Kim}, Minjin and {Barth}, Aaron J. and {Ho}, Luis C. and {Son}, Suyeon},
        title = "{A Hubble Space Telescope Imaging Survey of Low-redshift Swift-BAT Active Galaxies}",
      journal = {\apjs},
     keywords = {Active galaxies, 17, Astrophysics - Astrophysics of Galaxies},
         year = 2021,
        month = oct,
       volume = {256},
       number = {2},
          eid = {40},
        pages = {40},
          doi = {10.3847/1538-4365/ac133e},
archivePrefix = {arXiv},
       eprint = {2107.04213},
 primaryClass = {astro-ph.GA},
       adsurl = {https://ui.adsabs.harvard.edu/abs/2021ApJS..256...40K},
      adsnote = {Provided by the SAO/NASA Astrophysics Data System}
}

@ARTICLE{elmegreen22,
       author = {{Elmegreen}, Debra Meloy and {Elmegreen}, Bruce G. and {Gallagher}, John S. and {Kotulla}, Ralf and {Sanchez Almeida}, Jorge and {Munoz-Tunon}, Casiana and {Caon}, Nicola and {Rafelski}, Marc and {Sunnquist}, Ben and {Revalski}, Mitchell and {Andersen}, Morten},
        title = "{Hubble Space Telescope Observations of Tadpole Galaxies Kiso 3867, SBS0, SBS1, and UM461}",
      journal = {arXiv e-prints},
     keywords = {Astrophysics - Astrophysics of Galaxies},
         year = 2022,
        month = nov,
          eid = {arXiv:2211.09292},
        pages = {arXiv:2211.09292},
archivePrefix = {arXiv},
       eprint = {2211.09292},
 primaryClass = {astro-ph.GA},
       adsurl = {https://ui.adsabs.harvard.edu/abs/2022arXiv221109292E},
      adsnote = {Provided by the SAO/NASA Astrophysics Data System}
}

@ARTICLE{wallin15,
       author = {{Wallin}, J.~F. and {Holincheck}, A.~J. and {Harvey}, A.},
        title = "{JSPAM: A restricted three-body code for simulating interacting galaxies}",
      journal = {Astronomy and Computing},
     keywords = {Galaxies: interactions, Methods: n-body simulations, Astrophysics - Astrophysics of Galaxies},
         year = 2016,
        month = jul,
       volume = {16},
        pages = {26-33},
          doi = {10.1016/j.ascom.2016.03.005},
archivePrefix = {arXiv},
       eprint = {1511.05041},
 primaryClass = {astro-ph.GA},
       adsurl = {https://ui.adsabs.harvard.edu/abs/2016A&C....16...26W},
      adsnote = {Provided by the SAO/NASA Astrophysics Data System}
}

@ARTICLE{marian20,
       author = {{Marian}, Victor and {Jahnke}, Knud and {Andika}, Irham and {Ba{\~n}ados}, Eduardo and {Bennert}, Vardha N. and {Cohen}, Seth and {Husemann}, Bernd and {Kaasinen}, Melanie and {Koekemoer}, Anton M. and {Mechtley}, Mira and {Onoue}, Masafusa and {Schindler}, Jan-Torge and {Schramm}, Malte and {Schulze}, Andreas and {Silverman}, John D. and {Smirnova-Pinchukova}, Irina and {van der Wel}, Arjen and {Villforth}, Carolin and {Windhorst}, Rogier A.},
        title = "{A Significant Excess in Major Merger Rate for AGNs with the Highest Eddington Ratios at z < 0.2}",
      journal = {\apj},
     keywords = {Supermassive black holes, AGN host galaxies, Active galactic nuclei, Galaxy mergers, Quasars, Galaxy evolution, 1663, 2017, 16, 608, 1319, 594, Astrophysics - Astrophysics of Galaxies},
         year = 2020,
        month = nov,
       volume = {904},
       number = {1},
          eid = {79},
        pages = {79},
          doi = {10.3847/1538-4357/abbd3e},
archivePrefix = {arXiv},
       eprint = {2010.00022},
 primaryClass = {astro-ph.GA},
       adsurl = {https://ui.adsabs.harvard.edu/abs/2020ApJ...904...79M},
      adsnote = {Provided by the SAO/NASA Astrophysics Data System}
}

@ARTICLE{mckernan10,
       author = {{McKernan}, B. and {Ford}, K.~E.~S. and {Reynolds}, C.~S.},
        title = "{Black hole mass, host galaxy classification and AGN activity}",
      journal = {\mnras},
     keywords = {accretion, accretion discs, galaxies: active, galaxies: nuclei, galaxies: Seyfert, infrared: galaxies, X-rays: galaxies, Astrophysics - Cosmology and Nongalactic Astrophysics},
         year = 2010,
        month = oct,
       volume = {407},
       number = {4},
        pages = {2399-2410},
          doi = {10.1111/j.1365-2966.2010.17068.x},
archivePrefix = {arXiv},
       eprint = {1005.4907},
 primaryClass = {astro-ph.CO},
       adsurl = {https://ui.adsabs.harvard.edu/abs/2010MNRAS.407.2399M},
      adsnote = {Provided by the SAO/NASA Astrophysics Data System}
}

@ARTICLE{kingma15,
       author = {{Kingma}, Diederik P. and {Ba}, Jimmy},
        title = "{Adam: A Method for Stochastic Optimization}",
      journal = {arXiv e-prints},
     keywords = {Computer Science - Machine Learning},
         year = 2014,
        month = dec,
          eid = {arXiv:1412.6980},
        pages = {arXiv:1412.6980},
          doi = {10.48550/arXiv.1412.6980},
archivePrefix = {arXiv},
       eprint = {1412.6980},
 primaryClass = {cs.LG},
       adsurl = {https://ui.adsabs.harvard.edu/abs/2014arXiv1412.6980K},
      adsnote = {Provided by the SAO/NASA Astrophysics Data System}
}

@ARTICLE{crnojevic19,
       author = {{Crnojevi{\'c}}, D. and {Sand}, D.~J. and {Bennet}, P. and {Pasetto}, S. and {Spekkens}, K. and {Caldwell}, N. and {Guhathakurta}, P. and {McLeod}, B. and {Seth}, A. and {Simon}, J.~D. and {Strader}, J. and {Toloba}, E.},
        title = "{The Faint End of the Centaurus A Satellite Luminosity Function}",
      journal = {\apj},
     keywords = {galaxies: dwarf, galaxies: evolution, galaxies: groups: individual: Cen A, galaxies: halos, galaxies: luminosity function, mass function, galaxies: photometry, Astrophysics - Astrophysics of Galaxies},
         year = 2019,
        month = feb,
       volume = {872},
       number = {1},
          eid = {80},
        pages = {80},
          doi = {10.3847/1538-4357/aafbe7},
archivePrefix = {arXiv},
       eprint = {1809.05103},
 primaryClass = {astro-ph.GA},
       adsurl = {https://ui.adsabs.harvard.edu/abs/2019ApJ...872...80C},
      adsnote = {Provided by the SAO/NASA Astrophysics Data System}
}

@ARTICLE{mutlupakdil22,
       author = {{Mutlu-Pakdil}, Bur{\c{c}}in and {Sand}, David J. and {Crnojevi{\'c}}, Denija and {Jones}, Michael G. and {Caldwell}, Nelson and {Guhathakurta}, Puragra and {Seth}, Anil C. and {Simon}, Joshua D. and {Spekkens}, Kristine and {Strader}, Jay and {Toloba}, Elisa},
        title = "{Hubble Space Telescope Observations of NGC 253 Dwarf Satellites: Three Ultra-faint Dwarf Galaxies}",
      journal = {\apj},
     keywords = {416, 756, 594, 573, 1671, 1622, Astrophysics - Astrophysics of Galaxies},
         year = 2022,
        month = feb,
       volume = {926},
       number = {1},
          eid = {77},
        pages = {77},
          doi = {10.3847/1538-4357/ac4418},
archivePrefix = {arXiv},
       eprint = {2108.09312},
 primaryClass = {astro-ph.GA},
       adsurl = {https://ui.adsabs.harvard.edu/abs/2022ApJ...926...77M},
      adsnote = {Provided by the SAO/NASA Astrophysics Data System}
}
@ARTICLE{breiding23,
       author = {{Breiding}, Peter and {Meyer}, Eileen T. and {Georganopoulos}, Markos and {Reddy}, Karthik and {Kollmann}, Kassidy E. and {Roychowdhury}, Agniva},
        title = "{A multiwavelength study of multiple spectral component jets in AGN: testing the IC/CMB model for the large-scale-jet X-ray emission}",
      journal = {\mnras},
     keywords = {galaxies: active, galaxies: jets, Astrophysics - High Energy Astrophysical Phenomena, Astrophysics - Astrophysics of Galaxies},
         year = 2023,
        month = jan,
       volume = {518},
       number = {3},
        pages = {3222-3250},
          doi = {10.1093/mnras/stac3081},
archivePrefix = {arXiv},
       eprint = {2210.13104},
 primaryClass = {astro-ph.HE},
       adsurl = {https://ui.adsabs.harvard.edu/abs/2023MNRAS.518.3222B},
      adsnote = {Provided by the SAO/NASA Astrophysics Data System}
}

@ARTICLE{kaviraj14a,
       author = {{Kaviraj}, Sugata},
        title = "{The importance of minor-merger-driven star formation and black hole growth in disc galaxies}",
      journal = {\mnras},
     keywords = {galaxies: evolution, galaxies: formation, galaxies: interactions, galaxies: spiral, Astrophysics - Astrophysics of Galaxies, Astrophysics - Cosmology and Nongalactic Astrophysics},
         year = 2014,
        month = jun,
       volume = {440},
       number = {4},
        pages = {2944-2952},
          doi = {10.1093/mnras/stu338},
archivePrefix = {arXiv},
       eprint = {1402.1166},
 primaryClass = {astro-ph.GA},
       adsurl = {https://ui.adsabs.harvard.edu/abs/2014MNRAS.440.2944K},
      adsnote = {Provided by the SAO/NASA Astrophysics Data System}
}

@ARTICLE{kaviraj14b,
       author = {{Kaviraj}, Sugata},
        title = "{The significant contribution of minor mergers to the cosmic star formation budget}",
      journal = {\mnras},
     keywords = {galaxies: elliptical and lenticular, cD, galaxies: evolution, galaxies: formation, galaxies: interactions, galaxies: starburst, Astrophysics - Cosmology and Nongalactic Astrophysics},
         year = 2014,
        month = jan,
       volume = {437},
       number = {1},
        pages = {L41-L45},
          doi = {10.1093/mnrasl/slt136},
archivePrefix = {arXiv},
       eprint = {1310.0007},
 primaryClass = {astro-ph.CO},
       adsurl = {https://ui.adsabs.harvard.edu/abs/2014MNRAS.437L..41K},
      adsnote = {Provided by the SAO/NASA Astrophysics Data System}
}



@ARTICLE{lotz08,
       author = {{Lotz}, Jennifer M. and {Davis}, M. and {Faber}, S.~M. and {Guhathakurta}, P. and {Gwyn}, S. and {Huang}, J. and {Koo}, D.~C. and {Le Floc'h}, E. and {Lin}, Lihwai and {Newman}, J. and {Noeske}, K. and {Papovich}, C. and {Willmer}, C.~N.~A. and {Coil}, A. and {Conselice}, C.~J. and {Cooper}, M. and {Hopkins}, A.~M. and {Metevier}, A. and {Primack}, J. and {Rieke}, G. and {Weiner}, B.~J.},
        title = "{The Evolution of Galaxy Mergers and Morphology at z < 1.2 in the Extended Groth Strip}",
      journal = {\apj},
     keywords = {galaxies: evolution, galaxies: high-redshift, galaxies: interactions, galaxies: structure, Astrophysics},
         year = 2008,
        month = jan,
       volume = {672},
       number = {1},
        pages = {177-197},
          doi = {10.1086/523659},
archivePrefix = {arXiv},
       eprint = {astro-ph/0602088},
 primaryClass = {astro-ph},
       adsurl = {https://ui.adsabs.harvard.edu/abs/2008ApJ...672..177L},
      adsnote = {Provided by the SAO/NASA Astrophysics Data System}
}

@ARTICLE{lotz11,
       author = {{Lotz}, Jennifer M. and {Jonsson}, Patrik and {Cox}, T.~J. and {Croton}, Darren and {Primack}, Joel R. and {Somerville}, Rachel S. and {Stewart}, Kyle},
        title = "{The Major and Minor Galaxy Merger Rates at z < 1.5}",
      journal = {\apj},
     keywords = {galaxies: evolution, galaxies: high-redshift, galaxies: interactions, galaxies: structure, Astrophysics - Cosmology and Nongalactic Astrophysics},
         year = 2011,
        month = dec,
       volume = {742},
       number = {2},
          eid = {103},
        pages = {103},
          doi = {10.1088/0004-637X/742/2/103},
archivePrefix = {arXiv},
       eprint = {1108.2508},
 primaryClass = {astro-ph.CO},
       adsurl = {https://ui.adsabs.harvard.edu/abs/2011ApJ...742..103L},
      adsnote = {Provided by the SAO/NASA Astrophysics Data System}
}

@ARTICLE{alonso04,
       author = {{Alonso}, M. Sol and {Tissera}, Patricia B. and {Coldwell}, Georgina and {Lambas}, Diego G.},
        title = "{Galaxy pairs in the 2dF survey - II. Effects of interactions on star formation in groups and clusters}",
      journal = {\mnras},
     keywords = {galaxies: evolution, galaxies: formation, galaxies: general, cosmology: theory, Astrophysics},
         year = 2004,
        month = aug,
       volume = {352},
       number = {3},
        pages = {1081-1088},
          doi = {10.1111/j.1365-2966.2004.08002.x},
archivePrefix = {arXiv},
       eprint = {astro-ph/0401455},
 primaryClass = {astro-ph},
       adsurl = {https://ui.adsabs.harvard.edu/abs/2004MNRAS.352.1081A},
      adsnote = {Provided by the SAO/NASA Astrophysics Data System}
}

@ARTICLE{ellison13,
       author = {{Ellison}, Sara L. and {Mendel}, J. Trevor and {Patton}, David R. and {Scudder}, Jillian M.},
        title = "{Galaxy pairs in the Sloan Digital Sky Survey - VIII. The observational properties of post-merger galaxies}",
      journal = {\mnras},
     keywords = {galaxies: abundances, galaxies: active, galaxies: evolution, galaxies: interactions, galaxies: Seyfert, galaxies: starburst, Astrophysics - Cosmology and Nongalactic Astrophysics},
         year = 2013,
        month = nov,
       volume = {435},
       number = {4},
        pages = {3627-3638},
          doi = {10.1093/mnras/stt1562},
archivePrefix = {arXiv},
       eprint = {1308.3707},
 primaryClass = {astro-ph.CO},
       adsurl = {https://ui.adsabs.harvard.edu/abs/2013MNRAS.435.3627E},
      adsnote = {Provided by the SAO/NASA Astrophysics Data System}
}

@ARTICLE{barton00,
       author = {{Barton}, Elizabeth J. and {Geller}, Margaret J. and {Kenyon}, Scott J.},
        title = "{Tidally Triggered Star Formation in Close Pairs of Galaxies}",
      journal = {\apj},
     keywords = {GALAXIES: CLUSTERS: GENERAL, GALAXIES: INTERACTIONS, GALAXIES: STELLAR CONTENT, STARS: LUMINOSITY FUNCTION, MASS FUNCTION, Astrophysics},
         year = 2000,
        month = feb,
       volume = {530},
       number = {2},
        pages = {660-679},
          doi = {10.1086/308392},
archivePrefix = {arXiv},
       eprint = {astro-ph/9909217},
 primaryClass = {astro-ph},
       adsurl = {https://ui.adsabs.harvard.edu/abs/2000ApJ...530..660B},
      adsnote = {Provided by the SAO/NASA Astrophysics Data System}
}

@ARTICLE{silva21,
       author = {{Silva}, Andrea and {Marchesini}, Danilo and {Silverman}, John D. and {Martis}, Nicholas and {Iono}, Daisuke and {Espada}, Daniel and {Skelton}, Rosalind},
        title = "{Galaxy Mergers up to z < 2.5. II. AGN Incidence in Merging Galaxies at Separations of 3-15 kpc}",
      journal = {\apj},
     keywords = {Galaxy mergers, Galaxy pairs, Galaxy interactions, Galaxy formation, Galaxy evolution, High-redshift galaxies, Active galactic nuclei, Active galaxies, 608, 610, 600, 595, 594, 734, 16, 17, Astrophysics - Astrophysics of Galaxies},
         year = 2021,
        month = mar,
       volume = {909},
       number = {2},
          eid = {124},
        pages = {124},
          doi = {10.3847/1538-4357/abdbb1},
archivePrefix = {arXiv},
       eprint = {2101.05000},
 primaryClass = {astro-ph.GA},
       adsurl = {https://ui.adsabs.harvard.edu/abs/2021ApJ...909..124S},
      adsnote = {Provided by the SAO/NASA Astrophysics Data System}
}



@ARTICLE{darg10,
       author = {{Darg}, D.~W. and {Kaviraj}, S. and {Lintott}, C.~J. and {Schawinski}, K. and {Sarzi}, M. and {Bamford}, S. and {Silk}, J. and {Andreescu}, D. and {Murray}, P. and {Nichol}, R.~C. and {Raddick}, M.~J. and {Slosar}, A. and {Szalay}, A.~S. and {Thomas}, D. and {Vandenberg}, J.},
        title = "{Galaxy Zoo: the properties of merging galaxies in the nearby Universe - local environments, colours, masses, star formation rates and AGN activity}",
      journal = {\mnras},
     keywords = {catalogues, galaxies: elliptical and lenticular, cD, galaxies: evolution, galaxies: general, galaxies: interactions, galaxies: spiral, Astrophysics - Astrophysics of Galaxies},
         year = 2010,
        month = jan,
       volume = {401},
       number = {3},
        pages = {1552-1563},
          doi = {10.1111/j.1365-2966.2009.15786.x},
archivePrefix = {arXiv},
       eprint = {0903.5057},
 primaryClass = {astro-ph.GA},
       adsurl = {https://ui.adsabs.harvard.edu/abs/2010MNRAS.401.1552D},
      adsnote = {Provided by the SAO/NASA Astrophysics Data System}
}

@ARTICLE{alonso07,
       author = {{Alonso}, M. Sol and {Lambas}, Diego G. and {Tissera}, Patricia and {Coldwell}, Georgina},
        title = "{Active galactic nuclei and galaxy interactions}",
      journal = {\mnras},
     keywords = {galaxies: evolution, galaxies: formation, cosmology: theory, Astrophysics},
         year = 2007,
        month = mar,
       volume = {375},
       number = {3},
        pages = {1017-1024},
          doi = {10.1111/j.1365-2966.2007.11367.x},
archivePrefix = {arXiv},
       eprint = {astro-ph/0701192},
 primaryClass = {astro-ph},
       adsurl = {https://ui.adsabs.harvard.edu/abs/2007MNRAS.375.1017A},
      adsnote = {Provided by the SAO/NASA Astrophysics Data System}
}

@ARTICLE{li08,
       author = {{Li}, Cheng and {Kauffmann}, Guinevere and {Heckman}, Timothy M. and {White}, Simon D.~M. and {Jing}, Y.~P.},
        title = "{Interactions, star formation and AGN activity}",
      journal = {\mnras},
     keywords = {galaxies: distances and redshifts, cosmology: theory, dark matter, large-scale structure of Universe, Astrophysics},
         year = 2008,
        month = apr,
       volume = {385},
       number = {4},
        pages = {1915-1922},
          doi = {10.1111/j.1365-2966.2008.13023.x},
archivePrefix = {arXiv},
       eprint = {0712.0383},
 primaryClass = {astro-ph},
       adsurl = {https://ui.adsabs.harvard.edu/abs/2008MNRAS.385.1915L},
      adsnote = {Provided by the SAO/NASA Astrophysics Data System}
}

@ARTICLE{comerford15,
       author = {{Comerford}, Julia M. and {Pooley}, David and {Barrows}, R. Scott and {Greene}, Jenny E. and {Zakamska}, Nadia L. and {Madejski}, Greg M. and {Cooper}, Michael C.},
        title = "{Merger-driven Fueling of Active Galactic Nuclei: Six Dual and Offset AGNs Discovered with Chandra and Hubble Space Telescope Observations}",
      journal = {\apj},
     keywords = {galaxies: active, galaxies: interactions, galaxies: nuclei, Astrophysics - Astrophysics of Galaxies, Astrophysics - Cosmology and Nongalactic Astrophysics},
         year = 2015,
        month = jun,
       volume = {806},
       number = {2},
          eid = {219},
        pages = {219},
          doi = {10.1088/0004-637X/806/2/219},
archivePrefix = {arXiv},
       eprint = {1504.01391},
 primaryClass = {astro-ph.GA},
       adsurl = {https://ui.adsabs.harvard.edu/abs/2015ApJ...806..219C},
      adsnote = {Provided by the SAO/NASA Astrophysics Data System}
}